@inproceedings{steiner2010howgoogleisusing,
  author = {Thomas Steiner and Raphaël Troncy and Michael Hausenblas},
  title = {{How Google is using Linked Data Today and Vision For Tomorrow}},
  booktitle = {{Proceedings of the Workshop on Linked Data in the Future Internet at the Future Internet Assembly, Ghent 16--17 Dec 2010}},
  year = {2010},
  month = dec,
  editor = {S\"oren Auer and Stefan Decker and Manfred Hauswirth},
  volume = {700},
  series = {CEUR Workshop Proceedings ISSN 1613-0073},
  url = {http://CEUR-WS.org/Vol-700/Paper5.pdf}
}

@inproceedings{steiner2010semwebvid,
  author = {Thomas Steiner},
  title = {{SemWebVid -- Making Video a First Class Semantic Web Citizen and a First Class Web Bourgeois}},
  booktitle = {{Proceedings of the ISWC 2010 Posters \& Demonstrations Track: Collected Abstracts, Shanghai, China, November 9, 2010}},
  year = {2010},
  month = nov,
  editor = {Axel Polleres and Huajun Chen},
  volume = {658},
  pages = {97--100},
  series = {CEUR Workshop Proceedings ISSN 1613-0073},
  url = {http://ceur-ws.org/Vol-658/paper469.pdf}
}

@online{steiner2010semwebvidchallenge,
  author = {Thomas Steiner and Michael Hausenblas},
  title = {{SemWebVid -- Making Video a First Class Semantic Web Citizen and a First Class Web Bourgeois, Submission to the Open Track of the Semantic Web Challenge 2010}},
  year = {2010},
  month = nov,
  url = {http://challenge.semanticweb.org/submissions/swc2010_submission_12.pdf}
}

@techreport{troncy2012mediafragments,
  author = {Raphaël Troncy and Erik Mannens and Silvia Pfeiffer and Davy {Van Deursen} and Michael Hausenblas and Philip Jägenstedt and Jack Jansen and Yves Lafon and Conrad Parker and Thomas Steiner},
  title = {{Media Fragments URI 1.0 (basic)}},
  institution = {W3C},
  year = {2012},
  type = {{W3C Recommendation}},
  month = sep,
  url = {http://www.w3.org/TR/media-frags/}
}

@inproceedings{verborgh2011efficientruntime, 
  author = {Verborgh, Ruben and Steiner, Thomas and {Van Deursen}, Davy and {Van de Walle}, Rik and {Gabarró Vallés}, Joaquim}, 
  title = {{Efficient Runtime Service Discovery and Consumption with Hyperlinked RESTdesc}},    
  booktitle = {Next Generation Web Services Practices (NWeSP), 2011 7th International Conference on}, 
  year = {2011}, 
  month = oct,   
  pages = {373--379}, 
  url = {http://research.google.com/pubs/archive/37427.pdf}
}

@inproceedings{khrouf2012aggregatingsocialmedia,
  author = {Houda Khrouf and Ghislain Atemezing and Giuseppe Rizzo and Raphaël Troncy and Thomas Steiner},
  title = {{Aggregating Social Media for Enhancing Conference Experience}},
  booktitle = {{Real-Time Analysis And Mining of Social Streams, Papers from the 2012 ICWSM Workshop}},
  year = {2012},
  month = jun,
  editor = {Arkaitz Zubiaga and Maarten de Rijke and Markus Strohmaier and Mor Naaman},
  series = {AAAI Technical Report WS-12–02},
  url = {http://www.aaai.org/ocs/index.php/ICWSM/ICWSM12/paper/download/4779/5086}
}

@inproceedings{verborgh2012functionaldescriptions,
  author = {Verborgh, Ruben and Steiner, Thomas and Van Deursen, Davy and Coppens, Sam and Gabarr\'{o} Vall{\'e}s, Joaquim and Van de Walle, Rik},
  title = {{Functional Descriptions as the Bridge between Hypermedia APIs and the Semantic Web}},
  booktitle = {Proceedings of the Third International Workshop on RESTful Design},
  series = {WS-REST '12},
  year = {2012},
  isbn = {978-1-4503-1190-8},
  location = {Lyon, France},
  pages = {33--40},
  numpages = {8},
  url = {http://ws-rest.org/2012/proc/a5-9-verborgh.pdf},
 publisher = {ACM},
 address = {New York, NY, USA}
} 

@article{verborgh2012capturingthefunctionality,
  author = {Verborgh, Ruben and Steiner, Thomas and Deursen, Davy and Roo, Jos and Walle, RikVan de and Gabarró Vallés, Joaquim},
  title = {{Capturing the functionality of Web services with functional descriptions}},
  year = {2012},
  issn = {1380-7501},
  journal = {Multimedia Tools and Applications},
  url = {http://rd.springer.com/content/pdf/10.1007\%2Fs11042-012-1004-5},
  publisher = {Springer US},  
  pages = {1--23}
}

@inproceedings{steiner2011fulfilling,
  author = {Steiner, Thomas and Algermissen, Jan},
  title = {{Fulfilling the Hypermedia Constraint via HTTP OPTIONS, the HTTP Vocabulary in RDF, and Link Headers}},
  booktitle = {Proceedings of the Second International Workshop on RESTful Design},
  series = {WS-REST '11},
  year = {2011},
  isbn = {978-1-4503-0623-2},
  location = {Hyderabad, India},
  pages = {11--14},
  numpages = {4},
  url = {http://ws-rest.org/2011/proc/a3-steiner.pdf}, 
  publisher = {ACM},
  address = {New York, NY, USA}
} 

@article{daras2011unifiedframework,
  author = {Petros Daras and Apostolos Axenopoulos and Vasileios Darlagiannis and Dimitrios Tzovaras and Xavier {Le Bourdon} and Laurent Joyeux and Anne Verroust–Blondet and Vincenzo Croce and Thomas Steiner and Alberto Massari and Antonio Camurri and Steeve Morin and Amar–Djalil Mezaour and Lorenzo Franco Sutton and Sabine Spiller},
  title = {{Introducing a Unified Framework for Content Object Description}},
  year = {2011},
  issn = {2042–3470},
  journal = {Multimedia Intelligence and Security},
  url = {http://iti.gr/iti/files/document/work/IJMIS0203-0409%20DARAS.pdf},
  volume = {2},
  number = {3},
  publisher = {Inderscience},  
  pages = {351--375}
}

@incollection{etzold2012contextawarequerying,
  author = {Etzold, Jonas and Brousseau, Arnaud and Grimm, Paul and Steiner, Thomas},
  title = {{Context-Aware Querying for Multimodal Search Engines}},
  year = {2012},
  isbn = {978-3-642-27354-4},
  booktitle = {Advances in Multimedia Modeling},
  volume = {7131},
  series = {Lecture Notes in Computer Science},
  editor = {Schoeffmann, Klaus and Merialdo, Bernard and Hauptmann, Alexander G. and Ngo, Chong-Wah and Andreopoulos, Yiannis and Breiteneder, Christian},
  url = {http://research.google.com/pubs/archive/37423.pdf},
  publisher = {Springer Berlin Heidelberg},
  pages={728-739}
}

@inproceedings{verborgh2011descriptionandinteraction,
  author = {Verborgh, Ruben and Steiner, Thomas and Van Deursen, Davy and De Roo, Jos and Van de Walle, Rik and Gabarr\'o Vall\'es, Joaquim},
  title = {{Description and Interaction of RESTful Services for Automatic Discovery and Execution}},
  year = {2011},
  month = dec,
  booktitle = {Proceedings of the FTRA 2011 International Workshop on Advanced Future Multimedia Services},
  url = {https://biblio.ugent.be/publication/2003291/file/2003308.pdf}
}

@inproceedings{steiner2011crowdsourcingevent,
  author = {Thomas Steiner and Ruben Verborgh and Michael Hausenblas},
  title = {{Crowdsourcing Event Detection in YouTube Videos}},
  booktitle = {{Proceedings of the Workshop on Detection, Representation, and Exploitation of Events in the Semantic Web (DeRiVE 2011), Workshop in conjunction with the 10th International Semantic Web Conference 2011 (ISWC 2011), Bonn, Germany, October 23, 2011}},
  year = {2011},
  month = oct,
  pages = {58--67},
  editor = {Marieke van Erp and Willem Robert van Hage and Laura Hollink and Anthony Jameson and Raphaël Troncy},
  volume = {779},
  series = {CEUR Workshop Proceedings ISSN 1613-0073},
  url = {http://ceur-ws.org/Vol-779/derive2011_submission_8.pdf}
}

@inproceedings{steiner2012addingrealtime,
  author = {Thomas Steiner and Ruben Verborgh and Raphael Troncy and Joaquim Gabarro and Rik {Van de Walle}},
  title = {{Adding Realtime Coverage to the Google Knowledge Graph}},
  booktitle = {{Proceedings of the ISWC 2012 Posters \& Demonstrations Track, Boston, USA, November 11--15, 2012}},
  year = {2012},
  month = nov,
  editor = {Birte Glimm and David Huynh},
  volume = {914},
  series = {CEUR Workshop Proceedings ISSN 1613-0073},
  url = {http://ceur-ws.org/Vol-914/paper_2.pdf}
}

@inproceedings{steiner2011addingmeaning, 
  author = {Steiner, Thomas and Verborgh, Ruben and Gabarró Vallés, Joaquim and Van de 
  Walle, Rik}, 
  title = {{Adding Meaning to Facebook Microposts via a Mash-up API and Tracking its Data Provenance}},   
  booktitle = {{Next Generation Web Services Practices (NWeSP), 2011 7th International Conference on}},
  year = {2011}, 
  month = oct, 
  pages = {342--345}, 
  url = {http://research.google.com/pubs/archive/37426.pdf}
}

@online{steiner2011tweetconsumers,
  author = {Thomas Steiner and Arnaud Brousseau and Raphaël Troncy},
  title = {{A Tweet Consumers’ Look At Twitter Trends}},
  year = {2011},
  month = may,  
  url = {http://research.hypios.com/msm2011/posters/steiner.pdf}
}

@inproceedings{steiner2011enrichingunstructured,
  author = {Steiner, Thomas},
  title = {{DC Proposal: Enriching Unstructured Media Content About Events to Enable Semi-Automated Summaries, Compilations, and Improved Search by Leveraging Social Networks}},
  booktitle = {Proceedings of the 10th International Conference on The Semantic Web -- Volume Part II},
  series = {ISWC' 11},
  year = {2011},
  isbn = {978-3-642-25092-7},
  location = {Bonn, Germany},
  pages = {365--372},
  numpages = {8},  
  publisher = {Springer-Verlag},
  address = {Berlin, Heidelberg},
  url = {http://iswc2011.semanticweb.org/fileadmin/iswc/Papers/DC_Proposals/70320369.pdf}
} 

@inproceedings{steiner2012definingaesthetic, 
  author = {Steiner, Thomas and Verborgh, Ruben and Gabarro, Joaquim and Van de Walle, Rik},
  title = {{Defining Aesthetic Principles for Automatic Media Gallery Layout for Visual and Audial Event Summarization based on Social Networks}},    
  booktitle = {Quality of Multimedia Experience (QoMEX), 2012 Fourth International Workshop on},
  year = {2012}, 
  month = jul, 
  pages = {27--28}, 
  url = {http://www.lsi.upc.edu/~tsteiner/papers/2012/defining-aesthetic-principles-for-automatic-media-gallery-layout-qomex2012.pdf}
}

@inproceedings{steiner2012onesizedoesnotfitall,
  author = {Steiner, Thomas and Lazzaro, Marilena and Nucci, Francesco and Croce, Vincenzo and Sutton, Lorenzo and Massari, Alberto and Camurri, Antonio and Spiller, Sabine and Verroust-Blondet, Anne and Joyeux, Laurent},
  title = {{One Size Does Not Fit All: Multimodal Search on Mobile and Desktop Devices with the I-SEARCH Search Engine}}, 
  booktitle = {Proceedings of the 2nd ACM International Conference on Multimedia Retrieval},
  series = {ICMR '12},
  year = {2012},
  isbn = {978-1-4503-1329-2},
  location = {Hong Kong, China},
  pages = {58:1--58:2},
  articleno = {58},
  numpages = {2},  
  publisher = {ACM},
  address = {New York, NY, USA},
  url = {http://www.lsi.upc.edu/~tsteiner/papers/2012/one-size-does-not-fit-all-icmr2012.pdf}
}

@inproceedings{steiner2012isearch,
  author = {Steiner, Thomas and Sutton, Lorenzo and Spiller, Sabine and Lazzaro, Marilena and Nucci, Francesco and Croce, Vincenzo and Massari, Alberto and Camurri, Antonio and Verroust-Blondet, Anne and Joyeux, Laurent and Etzold, Jonas and Grimm, Paul and Mademlis, Athanasios and Malassiotis, Sotiris and Daras, Petros and Axenopoulos, Apostolos and Tzovaras, Dimitrios},
  title = {{I-SEARCH: A Multimodal Search Engine based on Rich Unified Content Description (RUCoD)}},
  booktitle = {Proceedings of the 21st International Conference Companion on World Wide Web},
  series = {WWW '12 Companion},
  year = {2012},
  isbn = {978-1-4503-1230-1},
  location = {Lyon, France},
  pages = {291--294},
  numpages = {4},  
  publisher = {ACM},
  address = {New York, NY, USA},
  url = {http://www.lsi.upc.edu/~tsteiner/papers/2012/isearch-multimodal-search-www2012.pdf}
}  

@inproceedings{verborgh2012socialdescriptionrevolution,
  author = {Verborgh, Ruben and Steiner, Thomas and Gabarr\'o Vall\'es, Joaquim and Mannens, Erik and Van de Walle, Rik},
  title = {{A Social Description Revolution---Describing {Web APIs'} Social Parameters with {RESTdesc}}},
  month = mar,
  year = {2012},
  booktitle = {Proceedings of the AAAI 2012 Spring Symposia},
  url = {http://www.aaai.org/ocs/index.php/SSS/SSS12/paper/viewFile/4283/4665}
}

@inproceedings{steiner2012sekiathome,
  author = {Thomas Steiner and Stefan Mirea},
  title = {{SEKI@home, or Crowdsourcing an Open Knowledge Graph}},
  booktitle = {{Proceedings of the 1st International Workshop on Knowledge Extraction \& Consolidation from Social Media, in conjunction with the 11th International Semantic Web Conference (ISWC 2012), Boston, USA, November 12, 2012}},
  year = {2012},
  month = nov,
  editor = {Diana Maynard and Stefan Dietze and Wim Peters and Jonathon Hare},
  volume = {895},
  series = {CEUR Workshop Proceedings ISSN 1613-0073},
  url = {http://ceur-ws.org/Vol-895/paper2.pdf}
}

@inproceedings{verborgh2012missinglinks,
  author = {Verborgh, Ruben and Steiner, Thomas and Van de Walle, Rik and Gabarr\'o Vall\'es, Joaquim},
   title = {{The Missing Links -- How the Description Format RESTdesc Applies the Linked Data Vision to Connect Hypermedia APIs}},  
  booktitle = {Proceedings of the First Linked APIs Workshop at the Ninth Extended Semantic Web Conference},
  month = may,
  year = {2012},  
  url = {http://lapis2012.linkedservices.org/papers/3.pdf}
}

@online{steiner2012shotdetection,
  author = {Thomas Steiner and Ruben Verborgh and Joaquim {Gabbaró Vallés} and Michael  Hausenblas and Raphaël Troncy and Rik {Van de Walle}},
  title = {{Enabling on-the-fly Video Shot Detection on YouTube}},
  year = {2012},
  month = apr,
  url = {http://www2012.wwwconference.org/proceedings/nocompanion/DevTrack_028.pdf}
}

@mastersthesis{steiner2007automatic,
  author = {Thomas Steiner},
  title = {{Automatic Multi Language Program Library Generation for REST APIs}},
  school = {Karlsruhe Institute of Technology},  
  year = {2007},
  url = {http://www.iks.kit.edu/fileadmin/User/calmet/stdip/DA-Steiner.pdf}
}

@inproceedings{rizzo2012whatfresh,
  author = {Rizzo, Giuseppe and Steiner, Thomas and Troncy, Rapha\"{e}l and Verborgh, Ruben and Redondo Garc\'{\i}a, Jos{\'e} Luis and Van de Walle, Rik},
  title = {{What Fresh Media Are You Looking For?: Retrieving Media Items From Multiple Social Networks}},
  booktitle = {Proceedings of the 2012 International Workshop on Socially-aware Multimedia},
  series = {SAM '12},
  year = {2012},
  isbn = {978-1-4503-1586-9},
  location = {Nara, Japan},
  pages = {15--20},
  numpages = {6},
  url = {http://www.eurecom.fr/~troncy/Publications/Troncy-saw12.pdf}, 
  publisher = {ACM},
  address = {New York, NY, USA} 
} 

@inproceedings{verborgh2012functionalcomposition,
  author = {Ruben Verborgh and Vincent Haerinck and Thomas Steiner and Davy {Van Deursen} and Sofie {Van Hoecke} and Jos {De Roo} and Rik {Van de Walle} and Joaquim Gabarro},
  title = {{Functional Composition of Sensor Web APIs }},
  booktitle = {{Proceedings of the 5th International Workshop on Semantic Sensor Networks,
A Workshop of the 11th International Semantic Web Conference 2012 (ISWC 2012), Boston, Massachusetts, USA, November 12, 2012}},
  year = {2012},
  month = nov,
  pages = {65--80},
  editor = {Cory Henson and Kerry Taylor and Oscar Corcho},
  volume = {904},
  series = {CEUR Workshop Proceedings ISSN 1613-0073},
  url = {http://ceur-ws.org/Vol-904/paper6.pdf}
}

@online{steiner2012sekiathomechallenge,
  author = {Thomas Steiner and Stefan Mirea},
  title = {{SEKI@home, a Generic Approach for Crowdsourcing Knowledge Extraction from Arbitrary Web Pages}},
  year = {2012},
  month = nov,
  url = {http://challenge.semanticweb.org/2012/submissions/swc2012_submission_28.pdf}
}

@online{verborgh2012restdesc,
  author = {Ruben Verborgh and Thomas Steiner and Davy {Van Deursen} and Sam Coppens and Erik Mannens and Rik {Van de Walle} and Joaquim {Gabarró Vallés}},
  title = {{RESTdesc---A Functionality-Centered Approach to Semantic Service Description and Composition}},
  year = {2012},  
  url = {http://2012.eswc-conferences.org/sites/default/files/eswc2012_submission_302.pdf}
}

@online{khrouf2012confomaton,
  author = {Houda Khrouf and Ghislain Atemezing and Thomas Steiner and Giuseppe Rizzo and Raphaël Troncy},
  title = {{Confomaton: A Conference Enhancer with Social Media from the Cloud}},
  year = {2012},
  url = {http://2012.eswc-conferences.org/sites/default/files/eswc2012_submission_343.pdf}
}

@online{steiner2012xkcd37,
  author = {Thomas Steiner and Ruben Verborgh},
  title = {{Fixing the Web One Page at a Time, or Actually Implementing xkcd \#37}},
  year = {2012},
  month = apr,
  url = {http://www2012.org/proceedings/nocompanion/DevTrack_032.pdf}
}

@incollection{axenopoulos2012isearch,
  author = {Axenopoulos, Apostolos and Daras, Petros and Malassiotis, Sotiris and Croce, Vincenzo and Lazzaro, Marilena and Etzold, Jonas and Grimm, Paul and Massari, Alberto and Camurri, Antonio and Steiner, Thomas and Tzovaras, Dimitrios},
  title = {{I-SEARCH: A Unified Framework for Multimodal Search and Retrieval}},
  year = {2012},
  isbn = {978-3-642-30240-4},
  booktitle = {The Future Internet},
  volume = {7281},
  series = {Lecture Notes in Computer Science},
  editor = {Álvarez, Federico and Cleary, Frances and Daras, Petros and Domingue, John and Galis, Alex and Garcia, Ana and Gavras, Anastasius and Karnourskos, Stamatis and Krco, Srdjan and Li, Man-Sze and Lotz, Volkmar and Müller, Henning and Salvadori, Elio and Sassen, Anne-Marie and Schaffers, Hans and Stiller, Burkhard and Tselentis, Georgios and Turkama, Petra and Zahariadis, Theodore},
  url = {http://www.lsi.upc.edu/~tsteiner/papers/2012/isearch-a-unified-framework-for-multimodal-search-and-retrieval.pdf},
  publisher = {Springer Berlin Heidelberg},
  pages = {130--141}
}

@inproceedings{verborgh2011integratingdata,
  author = {Verborgh, Ruben and Steiner, Thomas and Van Deursen, Davy and Coppens, Sam and Mannens, Erik and Van de Walle, Rik and Gabarr\'o Vall\'es, Joaquim},
  title = {{Integrating Data and Services through Functional Semantic Service Descriptions}},
  booktitle = {Proceedings of the W3C Workshop on Data and Services Integration},
  year = {2011},
  month = oct,
  url = {http://www.w3.org/2011/10/integration-workshop/p/integration-ws-mmlab.pdf}
}

@online{alduan2011futureinternet,
  author = {Maria Alduan and Federico Alvarez and Jan Bouwen and Gonzalo Camarillo and Pablo Cesar and Pedros Daras and Olivier Festor and Ebroul Izquierdo and Nikos Laoutaris and Amar-Djalil Mezaour and Paul Moore and Giovanni Pau and George Pavlou and Tomas Piatrik and Sergios Soursos and Thomas Steiner and Christian Timmerer and Thanasis Tsiodras and Theodore Zahariadis},
  title = {{Future Media Internet Architecture Reference Model (v1. 0)}},
  year = {2011},
  url = {http://www.coast-fp7.eu/public/FMIA_Reference_Architecture.pdf}
}