@phdthesis{steiner2013thesis,
  author = {Thomas Steiner},
  title = {Enriching Unstructured Media Content About Events to Enable Semi-Automated Summaries, Compilations, and Improved Search by Leveraging Social Networks},
  year = {2013},
  school = {Universitat Polit\`{e}cnica de Catalunya}
}