@book{Fellbaum1998,
  address = {Cambridge, MA},
  author = {Christiane Fellbaum},
  publisher = {The MIT Press},
  title = {{WordNet: An Electronic Lexical Database}},
  year = 1998,
  isbn = {978-0-262-06197-1},
  month = May
}

@article{BernersLee2001,
  author = {Tim Berners-Lee and James Hendler and Ora Lassila},
  howpublished = {Available at \url{http://www.scientificamerican.com/article.cfm?id=the-semantic-web}},
  title = {{The Semantic Web}},
  journal = {Scientific American},
  year = 2001
}

@inproceedings {Auer2007,
  author = {Sören Auer and Christian Bizer and Georgi Kobilarov and Jens Lehmann and Richard Cyganiak and Zachary G. Ives},
  title = {{DBpedia: A Nucleus for a Web of Open Data}},
  booktitle = {6$^{th}$ International Semantic Web Conference (ISWC'07)},
  year = 2007,
  pages = {722--735},
  address = {Busan, Korea}
}

@misc{Crockford2006,
  author = {{Douglas Crockford}},
  title = {{Introducing JSON}},
  year = 2006,
  note = {Available at \url{http://json.org/}}
}

@inproceedings{Suchanek2007,
 author = {Fabian M. Suchanek and Gjergji Kasneci and Gerhard Weikum},
 title = {{Yago: A Core of Semantic Knowledge}},
 booktitle = {16$^{th}$ International World Wide Web conference (WWW 2007)},
 year = 2007,
 location = {Banff, Canada},
 publisher = {ACM Press},
 address = {New York, NY, USA}
}

@misc{Markoff2007,
  author = {John Markoff},
  title = {{Start-Up Aims for Database to Automate Web Searching}},
  howpublished = {The New York Times},
  year = 2007,
  note = {Available at \url{http://www.nytimes.com/2007/03/09/technology/09data.html}}
}

@incollection{Wilkins1997,
  author = {{David E.} Wilkins},
  editor = {{David G.} Stork},
  title = {{That's something I cannot allow to happen: HAL and Planning}},
  booktitle = {HAL's Legacy: 2001's Computer as Dream and Reality},
  publisher = {MIT Press, Cambridge, MA},
  pages = {305--332},
  year = 1997
}

@techreport{LeHors1999,
  title = {{HTML 4.01 Specification}},
  author = {Le Hors, Arnaud and Raggett, Dave and Jacobs, Ian},
  institution = {{W3C}},
  month = Dec,
  year = 1999,
  note = {Available at \url{http://www.w3.org/TR/html4/}}
}

@techreport{Bray1998,
  author = {Tim Bray and Jean Paoli Paoli and C. M. Sperberg-McQueen},
  institution = {{W3C}},
  title = {Extensible Markup Language {(XML)} 1.0},
  note = {Available at \url{http://www.w3.org/TR/REC-xml/}},
  year = 1998,
  month = Feb
}

@techreport{Klyne2004,
  author = {Klyne, Graham and Carrol, Jeremy J.},
  title = {{Resource Description Framework ({RDF}): Concepts and Abstract Syntax}},
  institution = {{W3C}}, 
  note =  {Available at \url{http://www.w3.org/TR/rdf-concepts/}},
  month = Feb,
  year = 2004
}

@techreport{Hickson2011,
  author = {Ian Hickson and David Hyatt},
  institution = {{W3C}}, 
  note = {Available at \url{http://www.w3.org/TR/html5/}},
  title = {{HTML5}: A Vocabulary and Associated {APIs} for {HTML and XHTML}},
  year = 2011,
  month = Aug
}

@misc{BernersLee2006,
  author = {Tim Berners-Lee},
  title = {{Linked Data}},
  year = 2006,
  month = Jul,  
  note = {Available at \url{http://www.w3.org/DesignIssues/LinkedData.html}}
}

@techreport{BernersLee2005,
  author = {Tim Berners-Lee and Roy T. Fielding and Larry Masinter},
  institution = {{RFC}},
  title = {{RFC 3986, Uniform Resource Identifier (URI): Generic Syntax}},
  note = {Available at \url{http://tools.ietf.org/html/rfc3986}},
  year = 2005
}

@techreport{Fielding1999,
  author = {R. Fielding and J. Gettys and J. Mogul and H. Frystyk and L. Masinter and P. Leach and T. Berners-Lee},
  institution = {{W3C}},
  title = {{Hypertext Transfer Protocol -- HTTP/1.1}},
  year = 1999
}

@techreport{Prudhommeaux2011,
  author = {Eric {Prud'hommeaux} and Gavin Carothers and David Beckett and Tim Berners-Lee},
  institution = {{W3C}},
  title = {{Turtle, Terse RDF Triple Language, W3C Working Draft 09 August 2011}},
  note = {Available at \url{http://www.w3.org/TR/turtle/}},
  year = 2011,
  month = Aug
}

@techreport{Grant2004,
  author = {Jan Grant and Dave Beckett and Brian McBride},
  title = {{RDF Test Cases, W3C Recommendation 10 February 2004}},
  note = {Available at \url{http://www.w3.org/TR/rdf-testcases/}},
  year = 2004,
  month = Feb,
  institution = {{W3C}}
}

@misc{Bizer2007,
  author = {Bizer, Chris and Cyganiak, Richard and Heath, Tom},
  title = {{How to publish Linked Data on the Web}},
  note = {Available at \url{http://www4.wiwiss.fu-berlin.de/bizer/pub/LinkedDataTutorial/}},
  year = 2007
}

@misc{Brickley2010,
  author = {Dan Brickley and Libby Miller},
  title = {{FOAF Vocabulary Specification 0.98, Namespace Document 9 August 2010 -- Marco Polo Edition}},
  note = {Available at \url{http://xmlns.com/foaf/spec/}},
  year = 2010,
  month = Aug
}

@article{Bizer2009,
  author = {Christian Bizer and Tom Heath and Tim Berners-Lee},
  journal = {International Journal on Semantic Web and Information Systems (IJSWIS)},
  number = 3,
  pages = {1--22},
  title = {{Linked Data -- The Story So Far}},
  volume = 5,
  year = 2009
}

@inproceedings{Hassanzadeh2009,
  author = {O. Hassanzadeh and M. P. Consens},
  booktitle = {{Proceedings of the WWW2009 workshop on Linked Data on the Web (LDOW2009)}},
  title = {{Linked Movie Data Base}},
  year = 2009,
  location = {Madrid, Spain},
  month = Apr
}

@misc{Bizer2011,
  author = {Chris Bizer and Richard Cyganiak},
  title = {{Linking Open Data Project}},
  note = {Available at \url{http://www.w3.org/wiki/SweoIG/TaskForces/CommunityProjects/LinkingOpenData}},
  year = 2011,
  month = Jun
}

@techreport{BernersLee2011,
  author = {Tim Berners-Lee and Dan Connolly},
  institution = {{W3C}},
  title = {{Notation3 (N3): A readable RDF syntax, W3C Team Submission 28 March 2011}},
  note = {Available at \url{http://www.w3.org/TeamSubmission/n3/}},
  year = 2011,
  month = Mar
}

@techreport{Beckett2004,
  author = {Dave Beckett},  
  institution = {{W3C}},
  title = {{RDF/XML Syntax Specification (Revised), W3C Recommendation 10 February 2004}},
  note = {Available at \url{http://www.w3.org/TR/rdf-syntax-grammar/}},
  year = 2004,
  month = Feb
}

@techreport{Adida2008,
  author = {Ben Adida and Mark Birbeck and Shane McCarron and Steven Pemberton},
  institution = {{W3C}},
  title = {{RDFa in XHTML: Syntax and Processing, A collection of attributes and processing rules for extending XHTML to support RDF, W3C Recommendation 14 October 2008}},
  note = {Available at \url{http://www.w3.org/TR/rdfa-syntax/}},
  year = 2008,
  month = Oct
}

@techreport{Sporny2011,
  author = {Manu Sporny and Shane McCarron and Ben Adida and Mark Birbeck and Steven Pemberton},
  title = {{HTML+RDFa 1.1, Support for RDFa in HTML4 and HTML5, W3C Working Draft 25 May 2011}},
  note = {Available at \url{http://www.w3.org/TR/rdfa-in-html/}},
  year = 2011,
  institution = {{W3C}},
  month = May
}

@techreport{Prudhommeaux2008,
  author = {{Eric Prud'hommeaux and Andy Seaborne}},
  institution = {{W3C}},
  title = {{SPARQL Query Language for RDF, W3C Recommendation 15 January 2008}},
  note = {Available at \url{http://www.w3.org/TR/rdf-sparql-query/}},
  year = 2008,
  month = Jan
}

@misc{Celik2006,
  author = {Tantek Çelik and Kevin Marks and Eric Meyer and Matthew Mullenweg and Mark Pilgrim and Morten W. Petersen},
  note = {Available at \url{http://microformats.org}},
  title = {{Microformats}},
  year = 2006
}

@techreport{Dawson-1-1998,
 author = {Dawson, F. and Stenerson, D.},
 title = {{RFC 2445, Internet Calendaring and Scheduling Core Object Specification (iCalendar)}},
 year = 1998,
 institution = {{RFC}},
 note = {Available at \url{http://tools.ietf.org/html/rfc2445}}
} 

@techreport{Dawson-2-1998,
 author = {Dawson, F. and Howes, T.},
 title = {{RFC 2426, vCard MIME Directory Profile}},
 year = 1998,
 institution = {{RFC}},
 note = {Available at \url{http://tools.ietf.org/html/rfc2426}}
} 

@techreport{Pemberton2000,
  author = {Steven Pemberton and Daniel Austin and Jonny Axelsson and Tantek Çelik and others},
  title = {{XHTML{\texttrademark} 1.0 The Extensible HyperText Markup Language (Second Edition), A Reformulation of HTML 4 in XML 1.0, W3C Recommendation 26 January 2000, revised 1 August 2002}},
  year = 2000,
  month = Aug,
  institution = {{W3C}},
  note = {Available at \url{http://www.w3.org/TR/xhtml1/}}
}

@techreport{Nottingham2005,
  author = {M. Nottingham and R. Sayre},
  title = {{RFC 4287, The Atom Syndication Format}},
  year = 2005,  
  institution = {{RFC}},
  month = Dec,
  note = {Available at \url{http://tools.ietf.org/html/rfc4287}}
}

@misc{Cadenhead2006,
  author = {Rogers Cadenhead and Sterling Camden and Simone Carletti and James Holderness and Jenny Levine and Randy C. Morin and Ryan Parman and Jake Savin},
  title = {{RSS 2.0 Specification}},
  note = {Available at \url{http://www.rssboard.org/rss-specification}},
  year = 2006,
  institution = {{RSS Advisory Board}}
}

@techreport{Hickson2010,
  author = {Ian Hickson},
  title = {{HTML Microdata, W3C Working Draft 25 May 2011}},
  institution = {{W3C}},
  year = 2011,
  month = May,
  note = {Available at \url{http://www.w3.org/TR/microdata/}}
}

@article{Ellison2007,
  title = {{Social Network Sites: Definition, History, and Scholarship}},
  author = {Dana M. Boyd and Nicole B. Ellison},
  journal = {Journal of Computer-Mediated Communication},
  volume = {13},
  number = {1},
  pages = {210--230},
  year = 2007,
  publisher = {Wiley Online Library}
}

@misc{Levine2011,
  author = {Sheldon Levine},
  title = {{How People Currently Share Pictures On Twitter}},
  year = 2011,
  note = {Available at \url{http://blog.sysomos.com/2011/06/02/}}
}

@inproceedings{Photo2011,
  author = {Philipp Sandhaus and Mohammad Rabbath and Susanne Boll},
  title = {{Employing Aesthetic Principles for Automatic Photo Book Layout}},
  booktitle = {Proceedings of the 17$^{th}$ International Conference on Advances in Multimedia Modeling -- Volume Part I (MMM 2011)},  
 year = 2011,
 pages = {84--95}
}

@incollection{Photo2012,
  author = {Obrador, Pere and Saad, Michele and Suryanarayan, Poonam and Oliver, Nuria},
  title = {{Towards Category-Based Aesthetic Models of Photographs}},
  booktitle = {Proceedings of the 18$^{th}$ Int. Conference on Advances in Multimedia Modeling -- Volume Part I (MMM 2012)},  
  year = 2012,
  pages = {63--76}
}

@inproceedings{Playlist2006,
  author = {Knees, Peter and Pohle, Tim and Schedl, Markus and Widmer, Gerhard},
  title = {{Combining Audio-based Similarity with Web-based Data to Accelerate Automatic Music Playlist Generation}},
  booktitle = {Proceedings of the 8$^{th}$ ACM Int. Workshop on Multimedia Information Retrieval},
  series = {MIR '06},
  year = 2006,
  isbn = {1-59593-495-2},
  location = {Santa Barbara, California, USA},
  pages = {147--154},
  numpages = {8},
  publisher = {ACM},
  address = {New York, NY, USA}
} 

@inproceedings{Sports2011,
  author = {Smitashree Choudhury and John Breslin},
  title = {{Extracting Semantic Entities and Events from Sports Tweets}},
  pages = {22--32},
  booktitle = {{Making Sense of Microposts}},
  year = 2011
}

@inproceedings{YouTube2010,
  author = {Davidson, James and Liebald, Benjamin and Liu, Junning and Nandy, Palash and Van Vleet, Taylor and others},
  title = {{The YouTube Video Recommendation System}},
  booktitle = {Proceedings of the 4$^{th}$ ACM Conference on Recommender Systems},
  series = {RecSys '10},
  year = {2010},
  isbn = {978-1-60558-906-0},
  location = {Barcelona, Spain},
  pages = {293--296},
  numpages = {4},
  url = {http://doi.acm.org/10.1145/1864708.1864770},
  doi = {10.1145/1864708.1864770},
  acmid = {1864770},
  publisher = {ACM},
  address = {New York, NY, USA}
} 

@article{Storify2011,
  title = {{Review: Storify (2011)}},
  author= {Fincham, Kelly},
  journal = {Journal of Media Literacy Education},
  volume = {3},
  number = {1},
  year = 2011
}

@inproceedings{Facebook2011, 
  author = {Thomas Steiner and Ruben Verborgh and Joaquim Gabarro and others}, 
  booktitle = {Proceedings of the 7$^{th}$ Int. Conference on Next Generation Web Services Practices}, 
title={{Adding Meaning to Facebook Microposts via a Mash-Up API and Tracking its Data Provenance}}, 
  year = 2011, 
  pages = {342--345}
}

@techreport{CSSTransitions2009,
  title = {{CSS Transitions Module Level 3}},
  author = {Dean Jackson and David Hyatt and Chris Marrin and L. David Baron},
  institution = {W3C},
  note = {\url{http://www.w3.org/TR/css3-transitions}}  
}

@techreport{CSSTransforms2012,
  title = {{CSS Transforms}},
  author = {Simon Fraser and Dean Jackson and David Hyatt and Chris Marrin and others},
  institution = {W3C},
  note = {\url{http://www.w3.org/TR/css3-transforms/}}  
}

@inproceedings{Khrouf2012, 
  author = {Houda Khrouf and Ghislain Atemezing and Giuseppe Rizzo and Raphaël Troncy and others}, 
  booktitle = {Proceedings of the 1$^{st}$ Int. Workshop on Real-Time Analysis and Mining of Social Streams}, 
  note = {(accepted for publication)},
title={{Aggregating Social Media for Enhancing Conference Experience}}, 
  year = 2012
}

@inproceedings{Hampapur1994,
  author = {Hampapur, A. and Weymouth, T. and Jain, R.},
  title = {Digital video segmentation},
  booktitle = {Proc. of the 2nd ACM Int. Conf. on Multimedia},
  series = {MULTIMEDIA '94},
  year = {1994},
  isbn = {0-89791-686-7},
  location = {San Francisco, California, United States},
  pages = {357--364},
  numpages = {8},
  url = {http://doi.acm.org/10.1145/192593.192699},
  doi = {http://doi.acm.org/10.1145/192593.192699},
  acmid = {192699},
  publisher = {ACM},
  address = {New York, NY, USA},
}

@article{Hanjalic2002,
  author = {Hanjalic, Alan},
  journal = {IEEE Transactions on Circuits and Systems for Video Technology},
  month = Feb,
  number = {2},
  pages = {90--105},
  title = {{Shot-Boundary Detection: Unraveled and Resolved?}},
  volume = {12},
  year = {2002}
}

@article{Zhang1993,
  author = {Zhang, Hongjiang and Kankanhalli, Atreyi and Smoliar, Stephen W.},
  journal = {Multimedia Systems},
  number = {1},
  pages = {10--28},
  publisher = {Springer-Verlag},
  title = {{Automatic partitioning of full-motion video}},
  volume = {1},
  year = {1993}
}

@article{Zhang1995,
  author = {Zhang, Hongjiang and Low, Chien Yong and Smoliar, Stephen W.},
  title = {Video parsing and browsing using compressed data},
  journal = {Multimedia Tools \& Applications},
  volume = {1},
  issue = {1},
  month = {March},
  year = {1995},
  issn = {1380-7501},
  pages = {89--111},
  url = {http://dx.doi.org/10.1007/BF01261227},
  doi = {http://dx.doi.org/10.1007/BF01261227},
  publisher = {Kluwer Academic Publishers},
  address = {Hingham, MA, USA}
}

@inproceedings{Yuan2007,
  author = {Jinhui Yuan and Huiyi Wang and Lan Xiao and Wujie Zheng and Jianmin Li and Fuzong Lin and Bo Zhang},
  title = {A Formal Study of Shot Boundary Detection},
  booktitle = {IEEE Transaction on Circuit and Systems For Video Technology},
  year = {2007},
  pages = {168--186}
}

@inproceedings{Smeaton1999,
  author = {Alan Smeaton and Noel Murphy and Sean Marlow},
  title = {Evaluation of automatic shot boundary detection on a large video test suite},
  booktitle = {Institute for Image Data Research, Univ. of Northumbria at Newcastle},
  year = {1999},
  pages = {25--26}
}

@inproceedings{Ahmed1999,
  author = {M Ahmed and A Karmouch and S Abu-Hakima},
  title = {Key frame extraction and indexing for multimedia databases},
  booktitle = {Proc. of the Visual Interface Conf.},
  year = {1999},
  pages = {506--511}
}

@inproceedings{Zabih1995,
  author = {Zabih, Ramin and Miller, Justin and Mai, Kevin},
  title = {A feature-based algorithm for detecting and classifying scene breaks},
  booktitle = {Proc. of the 3rd ACM Int. Conf. on Multimedia},
  year = {1995},
  isbn = {0-89791-751-0},
  location = {San Francisco, California, United States},
  pages = {189--200},
  numpages = {12},
  url = {http://doi.acm.org/10.1145/217279.215266},
  doi = {http://doi.acm.org/10.1145/217279.215266},
  acmid = {215266},
  publisher = {ACM},
  address = {New York, NY, USA}
}

@article{Bouthemy1997,
  author = {P. Bouthemy and M. Gelgon and F. Ganansia},
  title = {A Unified Approach To Shot Change Detection And Camera Motion Characterization},
  journal = {IEEE Transactions on Circuits and Systems for Video Technology},
  year = {1997},
  volume = {9},
  pages = {1030--1044}
}

@article{Gargi2000,
  author = {Gargi, Ullas and Kasturi, Rangachar and Strayer, Susan H.},
  citeulike-article-id = {122512},
  journal = {IEEE Transactions on Circuits and Systems for Video Technology},
  keywords = {bibtex-import},
  number = {1},
  pages = {1--13},
  posted-at = {2005-03-11 21:01:47},
  priority = {0},
  title = {{Performance Characterization of Video-Shot-Change Detection Methods}},
  volume = {10},
  year = {2000}
}

@article{Yeo1995,
  author = {Yeo, Boon-Lock and Liu, Bede},
  booktitle = {Circuits and Systems for Video Technology, IEEE Transactions on},
  doi = {10.1109/76.475896},
  issn = {10518215},
  journal = {IEEE Transactions on Circuits and Systems for Video Technology},
  month = dec,
  number = {6},
  pages = {533--544},
  title = {{Rapid scene analysis on compressed video}},
  url = {http://dx.doi.org/10.1109/76.475896},
  volume = {5},
  year = {1995}
}

@inproceedings{Lienhart1999,
  author = {Lienhart, R.},
  booktitle = {Storage and Retrieval for Image and Video Databases},
  month = jan,
  pages = {290--301},
  priority = {0},
  title = {{Comparison of automatic shot boundary detection algorithms}},
  url = {http://www.lienhart.de/VCAHome/Research\_Topics/Video\_Segmentation/Shot\_Detection/shot\_detection.html},
  year = {1999}
}

@Misc{youtube:stats,
  author = {{YouTube}},
  title = {{Official Press Traffic Statistics}},
  year =  {2011},
  note = {http://www.youtube.com/t/press\_statistics}
}

@misc{derive2011,
  author = {Thomas Steiner and Ruben Verborgh and Rik {{Van de Walle}} and others},
  title = {{Crowdsourcing Event Detection in YouTube Videos}},
  howpublished = {{Workshop DeRiVE at the 10th Int. Semantic Web Conf., Bonn, Germany}},
  year = {2011}
}

@misc{googlevideo,
  author = {{Google Video Blog}},
  title = {{Closed Captioning Search Options}},
  year = {2008},
  note = {http://goo.gl/crmWZ}
}

@misc{youtubecaptions,
  author = {{The Official Google Blog}},
  title = {{Automatic Captions in YouTube}},
  year = {November 19, 2009},
  note = {http://googleblog.blogspot.com/2009/11/automatic-captions-in-youtube.html}
}

@misc{youtuberule,
  author = {{YouTube Blog}},
  title = {{A YouTube for All of Us}},
  year = {December 2, 2008},
  note = {http://youtube-global.blogspot.com/2008/12/youtube-for-all-of-us.html}
}

@misc{googleresearch,
  author = {{Google Research Blog}},
  title = {{Smart Thumbnails on YouTube}},
  year = {January 19, 2009},
  note = {http://googleresearch.blogspot.com/2009/01/smart-thumbnails-on-youtube.html}
}

@misc{pausch,
  author = {Randy Pausch},
  title = {{Achieving Your Childhood Dreams, Speech by the ex-Carnegie Mellon Professor}},
  year = {September 18, 2007},
  note = {http://www.youtube.com/watch?v=ji5\_MqicxSo}
}

@Misc{youtube,
  author = {{YouTube}},
  title = {{Online Video Platform and Search Engine}},
  note = {http://www.youtube.com/}
}

@incollection{Choudhury:YouTube,
  address = {Berlin, Heidelberg},
  author = {Choudhury, Smitashree and Breslin, John and Passant, Alexandre},
  booktitle = {The Semantic Web - ISWC 2009},
  chapter = {47},
  pages = {747--762},
  publisher = {Springer Berlin / Heidelberg},
  series = {Lecture Notes in Computer Science},
  title = {{Enrichment and Ranking of the YouTube Tag Space and Integration with the Linked Data Cloud}},
  volume = {5823},
  year = {2009}
}

@inproceedings {Bizer:DBpedia,
  author = {S\"{o}ren Auer and Christian Bizer and Georgi Kobilarov and Jens Lehmann and Richard Cyganiak and Zachary G. Ives},
  booktitle = {The Semantic Web, 6th Int. Semantic Web Conf., 2nd Asian Semantic Web Conf., ISWC 2007 + ASWC 2007, Busan, Korea, November 11-15, 2007},
  title = {DBpedia: A Nucleus for a Web of Open Data},
  year = {2007},
  pages = {722--735}
}

@inproceedings{semwebvid,
  author = {Thomas Steiner and Michael Hausenblas},
  title = {{SemWebVid - Making Video a First Class Semantic Web Citizen and a First Class Web Bourgeois}},
  booktitle = {Semantic Web Challenge at ISWC2010},
  year = {2010},
  month = {November},
  url = {http://www.cs.vu.nl/~pmika/swc/submissions/swc2010_submission_12.pdf}
}

@misc{flash,
  author = {Adobe},
  title={{Flash Platform}},
  note = {http://www.adobe.com/flash-platform/}
}

@misc{analyticsevent,
  author = {{Google}},
  title = {{Google Analytics Event Tracking Guide}},
  note = {{http://code.google.com/apis/analytics/docs/tracking/event\-TrackerGuide.html}}
}

@misc{datauri,
  author = {Larry Masinter},
  title = {{The "data" URL scheme, RFC 2397}},
  note = {http://tools.ietf.org/html/rfc2397}
}

@misc{whatwgvideo,
  author = {Ian Hickson},
  title = {{HTML Living Standard -- The Video Element}},
  year = {July 29, 2011},
  note = {http://www.whatwg.org/specs/web-apps/current-work/multipage/the-video-element.html}
}

@misc{sameoriginpolicy,
  author = {{Mozilla Developer Network}},
  title = {{Same origin policy for JavaScript}},
  note = {https://developer.mozilla.org/en/ Same\_origin\_policy\_for\_JavaScript}
}

@misc{html5video,
  author = {Mark Pilgrim},
  title = {{Dive Into HTML5 -- Video}},
  note = {http://diveintohtml5.org/video.html\#video-codecs}
}

@misc{youtubeiframe,
  author = {{YouTube API Blog}},
  title = {{A New Way To Embed YouTube Videos}},
  year = {July 22, 2010},
  note = {http://apiblog.youtube.com/2010/07/new-way-to-embed-youtube-videos.html}
}

@misc{googleanalytics,
  author = {{Google}},
  title = {{Analytics Web Tracking Software}},
  note = {http://www.google.com/analytics/}
}

@misc{chromewebstore,
  author = {{Google}},
  title = {{Chrome Web Store}},
  note = {https://chrome.google.com/webstore/}}
}

@misc{chrome,
  author = {{Google}},
  title = {{Chrome Web Browser}},
  note = {http://google.com/chrome}
}

@misc{chromeextensions,
  author = {{Google}},
  title = {{Chrome Extensions}},
  note = {http://code.google.com/chrome/extensions/index.html}
}

@inproceedings{Gao:2009,
  author = {Gao, Yuli and Zhang, Tong and Xiao, Jun},
  title = {Thematic video thumbnail selection},
  booktitle = {{Proc. of the 16th IEEE Int. Conf. on Image Processing}},
  series = {ICIP'09},
  year = {2009},
  isbn = {978-1-4244-5653-6},
  location = {Cairo, Egypt},
  pages = {4277--4280},
  numpages = {4},
  url = {http://portal.acm.org/citation.cfm?id=1819298.1819917},
  acmid = {1819917},
  publisher = {{IEEE Press}},
  address = {Piscataway, NJ, USA},
  keywords = {image similarity measure, video keyframe extraction, video search and browsing, video theme, video thumbnail},
}