@article{Groth:2009:MPD:1462159.1462162,
 author = {Groth, Paul and Miles, Simon and Moreau, Luc},
 title = {{A model of process documentation to determine provenance in mash-ups}},
 journal = {{ACM Trans. Internet Technol.}},
 volume = {9},
 issue = {1},
 month = {February},
 year = {2009},
 issn = {1533-5399},
 pages = {3:1--3:31},
 articleno = {3},
 numpages = {31},
 url = {\url{http://doi.acm.org/10.1145/1462159.1462162}},
 doi = {\url{http://doi.acm.org/10.1145/1462159.1462162}},
 acmid = {1462162},
 publisher = {ACM},
 address = {New York, NY, USA},
 keywords = {Process, concept maps, data model, mash-ups, process documentation, provenance},
} 

@inproceedings{HasCon09,
  author = {{O. Hassanzadeh and M. P. Consens}},
  booktitle = {{Proceedings of the WWW2009 workshop on Linked Data on the Web (LDOW2009)}},
  interhash = {4a59fcbf6a30aed9f7e7c4fc4326b189},
  intrahash = {b87717106ebe081080f15fd4d732eee5},
  title = {{Linked Movie Data Base}},
  year = 2009,
  timestamp = {2010-03-17T19:22:13.000+0100},
  keywords = {film hpi_ism10 linkedmdb triplification},
  added-at = {2010-03-17T19:22:13.000+0100},
  location = {Madrid, Spain},
  description = {Oktie Hassanzadeh's Publications 2007-2009},
  biburl = {\url{http://www.bibsonomy.org/bibtex/2b87717106ebe081080f15fd4d732eee5/datentaste}},
  month = {April}
}

@Misc{TimBL:LinkedData,
  author = {Tim Berners-Lee},
  title =        {{Linked Data}},
  year =         {Juli 27, 2006},  
  note =         {\url{http://www.w3.org/DesignIssues/LinkedData.html}}
}

@Misc{mediaevalgenre,
  author = {{MediaEval Benchmarking Initiative for Multimedia Evaluation}},
  title =        {{The 2011 Genre Tagging Task}},
  year =         {June 24, 2011},  
  note =         {\url{http://www.multimediaeval.org/mediaeval2011/genre2011/}}
}

@Misc{mediaevalevent,
  author = {{MediaEval Benchmarking Initiative for Multimedia Evaluation}},
  title =        {{The 2011 Social Event Detection Task}},
  year =         {June 22, 2011},  
  note =         {\url{http://www.multimediaeval.org/mediaeval2011/SED2011/}}
}

@misc{bernerslee2005uri,
  author = {T. Berners-Lee and R. Fielding and L. Masinter},
  interhash = {266f30f3e02e5ebc5a0e3b307a7d70da},
  intrahash = {cc1699a90918746e2f6e76ab5107e5b2},
  title = {{RFC 3986, Uniform Resource Identifier (URI): Generic Syntax}},
  url = {\url{http://rfc.net/rfc3986.html}},
  year = 2005,
  timestamp = {2007-03-15T21:48:10.000+0100},
  keywords = {rfc uri},
  added-at = {2007-03-15T21:48:10.000+0100},
  biburl = {\url{http://www.bibsonomy.org/bibtex/2cc1699a90918746e2f6e76ab5107e5b2/schmitz}}
}

@techreport{fielding1999hypertext,
  author = {R. Fielding and J. Gettys and J. Mogul and H. Frystyk and L. Masinter and P. Leach and T. Berners-Lee},
  institution = {{The World Wide Web Consortium}},
  interhash = {a8179631698f79477be85540c79e9fe3},
  intrahash = {506e757144a50a28ed58ea4bb6817fd8},
  title = {{Hypertext Transfer Protocol - HTTP/1.1}},
  year = 1999,
  timestamp = {2007-12-07T21:41:23.000+0100},
  date-added = {2007-01-22 11:56:01 -0800},
  date-modified = {2007-11-14 07:53:52 -0500},
  keywords = {crawling},
  added-at = {2007-12-07T21:41:23.000+0100},
  description = {Main paper DB},
  biburl = {\url{http://www.bibsonomy.org/bibtex/2506e757144a50a28ed58ea4bb6817fd8/cameron}}
}

@inproceedings{Hepp:GoodRelations,
 author = {Hepp, Martin},
 title = {{GoodRelations: An Ontology for Describing Products and Services Offers on the Web}},
 booktitle = {{Proceedings of the 16$^{th}$ international conference on Knowledge Engineering: Practice and Patterns}},
 series = {EKAW '08},
 year = {2008},
 isbn = {978-3-540-87695-3},
 location = {Acitrezza, Italy},
 pages = {329--346},
 numpages = {18},
 url = {\url{http://dx.doi.org/10.1007/978-3-540-87696-0_29}},
 doi = {\url{http://dx.doi.org/10.1007/978-3-540-87696-0_29}},
 acmid = {1434104},
 publisher = {Springer-Verlag},
 address = {Berlin, Heidelberg},
 keywords = {E-Commerce, E-Procurement, Semantic Web, UNSPSC, eCl@ss, eClassOWL},
} 

@misc{xhtml10sec,
  author = {Steven Pemberton},
  howpublished = {{World Wide Web Consortium, Recommendation REC-xhtml1-20020801}},
  interhash = {65bac4547933ad9c094efa3ce5966dec},
  intrahash = {064b180a4916daceeb77fe9cd82e755a},
  title = {{XHTML 1.0: The Extensible HyperText Markup Language (Second Edition)}},
  year = 2002,
  timestamp = {2009-02-21T14:09:31.000+0100},
  topic = {xml[0.5] html[0.7] xhtml[1]},
  keywords = {i2cs w3c www03 wwwbook xhtml},
  updates = {xhtml10},
  added-at = {2009-02-21T14:09:31.000+0100},
  biburl = {\url{http://www.bibsonomy.org/bibtex/2064b180a4916daceeb77fe9cd82e755a/lysander07}},
  uri = {\url{http://www.w3.org/TR/2002/REC-xhtml1-20020801}},
  month = {August},
  abstract = {This specification defines the Second Edition of XHTML 1.0, a reformulation of HTML 4 as an XML 1.0 application, and three DTDs corresponding to the ones defined by HTML 4. The semantics of the elements and their attributes are defined in the W3C Recommendation for HTML 4. These semantics provide the foundation for future extensibility of XHTML. Compatibility with existing HTML user agents is possible by following a small set of guidelines.}
}

@Misc{spotlight,
  author =      {Chris Bizer},
  title =       {{Blog Post DBpedia Spotlight - Text Annotation Toolkit released}},
  year =        {February 15, 2011	},
  note =        {\url{http://blog.dbpedia.org/2011/02/15/63/}}
}

@Misc{metaweb,
  author =      {{Freebase Blog}},
  title =       {{Blog Post Metaweb joins Google}},
  year =        {July 16, 2010},
  note =        {\url{http://blog.freebase.com/2010/07/16/metaweb-joins-google/}}
}

@Misc{youtube:stats,
  author =      {{YouTube.com}},
  title =       {{Official Press Traffic Statistics}},
  year =        {June 14, 2011},
  note =        {\url{http://www.youtube.com/t/press_statistics}}
}

@Misc{kobilarov,
  author =      {Georgi Kobilarov},
  title =       {{Blog Post DBpedia Lookup -- Find me some URIs}},
  year =        {October 2, 2009},
  note =        {\url{http://blog.georgikobilarov.com/2009/02/dbpedia-lookup-find-me-some-uris/}}
}

@Misc{semtech,
  author =      {{SemTech 2011}},
  title =       {{The Semantic Technology Conference, San Francisco, CA}},
  year =        {June 5-9, 2011},
  note =        {\url{http://developer.apple.com/wwdc/}}
}

@Misc{wwdc,
  author =      {{Apple Worldwide Developers Conference 2011}},
  title =       {{San Francisco, CA}},
  year =        {June 6-10, 2011},
  note =        {\url{http://developer.apple.com/wwdc/}}
}

@Misc{youtube,
  author =      {{YouTube.com}},
  title =       {{Online Video Platform and Search Engine}},
  year =        {June 14, 2011},
  note =        {\url{http://www.youtube.com/}}
}

@techreport{sparql,
  author = {{Eric Prud'hommeaux and Andy Seaborne}},
  day = 26,
  institution = {{W3C}},
  interhash = {dabeb933b27953ebcc64a590d26606c2},
  intrahash = {928dbec81dbf4cf2cd36e2edf266f9b7},
  title = {{SPARQL Query Language for RDF (Working Draft)}},
  url = {\url{http://www.w3.org/TR/2007/WD-rdf-sparql-query-20070326/}},
  year = 2007,
  timestamp = {2007-04-23T16:31:50.000+0200},
  keywords = {RDF SPARQL language query},
  added-at = {2007-04-23T16:31:50.000+0200},
  biburl = {\url{http://www.bibsonomy.org/bibtex/2928dbec81dbf4cf2cd36e2edf266f9b7/p_frischmuth}},
  month = {March}
}

@Misc{vp8,
  author =      {{VP8 Data Format and Decoding Guide}},
  title =       {{Internet-Draft}},
  year =        {May 18, 2011},
  note =        {\url{http://tools.ietf.org/html/draft-bankoski-vp8-bitstream-02}}
}

@Misc{googleadvancedimg,
  author =      {{Google Images}},
  title =       {{Usage Rights -- Features -- Web Search Help}},
  year =        {June 14, 2011},
  note =        {\url{http://www.google.com/support/websearch/bin/answer.py?&answer=29508}}
}


@Misc{googleimg,
  author =      {{Google Images}},
  title =       {{Online Image Search Engine}},
  year =        {June 14, 2011},
  note =        {\url{http://www.google.com/images}}
}

@Misc{bingimg,
  author =      {{Bing Images}},
  title =       {{Online Image Search Engine}},
  year =        {June 14, 2011},
  note =        {\url{http://www.bing.com/images}}
}

@Misc{bing,
  author =      {{Bing Videos}},
  title =       {{Online Video Search Engine}},
  year =        {June 14, 2011},
  note =        {\url{http://www.bing.com/videos}}
}

@Misc{google,
  author =      {{Google Videos}},
  title =       {{Online Video Search Engine}},
  year =        {June 14, 2011},
  note =        {\url{http://video.google.com/}}
}

@Misc{yahoo,
  author =      {{Yahoo! Videos}},
  title =       {{Online Video Search Engine}},
  year =        {June 14, 2011},
  note =        {\url{http://video.search.yahoo.com/}}
}

@Misc{twitvid,
  author =      {{TwitVid}},
  title =       {{Online Video And Photo Platform}},
  year =        {June 24, 2011},
  note =        {\url{http://www.twitvid.com/}}
}

@Misc{lockerz,
  author =      {{Lockerz}},
  title =       {{Online Video And Photo Platform}},
  year =        {June 24, 2011},
  note =        {\url{http://lockerz.com/}}
}

@Misc{json,
  author =      {{Douglas Crockford}},
  title =       {{Introducing JSON}},
  year =        {June 24, 2011},
  note =        {\url{http://json.org/}}
}

@Misc{wikipedia,
  author =      {{Wikipedia}},
  title =       {{The free encyclopedia}},
  year =        {June 24, 2011},
  note =        {\url{http://en.wikipedia.org/wiki/Main_Page}}
}

@Misc{techcrunch,
  author =      {{Leena Rao, author at TechCrunch}},
  title =       {{A Snapshot Of Photo-Sharing Market Share On Twitter}},
  year =        {June 24, 2011},
  note =        {\url{http://techcrunch.com/2011/06/02/a-snapshot-of-photo-sharing-market-share-on-twitter/}}
}

@Misc{yfrog,
  author =      {{yfrog}},
  title =       {{Online Video And Photo Platform}},
  year =        {June 24, 2011},
  note =        {\url{http://yfrog.com/}}
}

@Misc{ustream,
  author =      {{Ustream}},
  title =       {{Online Video Platform}},
  year =        {June 24, 2011},
  note =        {\url{http://www.ustream.tv/}}
}

@Misc{qik,
  author =      {{Qik}},
  title =       {{Online Video Platform}},
  year =        {June 24, 2011},
  note =        {\url{http://qik.com/}}
}

@Misc{instagram,
  author =      {{Instagram}},
  title =       {{Online Photo Platform}},
  year =        {June 24, 2011},
  note =        {\url{http://instagr.am/}}
}

@Misc{twitpic,
  author =      {{Twitpic}},
  title =       {{Online Video And Photo Platform}},
  year =        {June 24, 2011},
  note =        {\url{http://www.twitpic.com/}}
}

@Misc{smpte,
  author =      {{Society of Motion Picture and Television Engineers}},
  title =       {{SMPTE 12M-1999 ``Television, Audio and Film - Time and Control Code"}},
  year =        {June 14, 2011},
  note =        {\url{http://store.smpte.org/category-s/22.htm}}
}

@misc{rfc2326,
    author = {H. Schulzrinne and A. Rao and R. Lanphier},
    citeulike-article-id = {2055330},
    howpublished = {\url{http://www.ietf.org/rfc/rfc2326.txt}},
    keywords = {bibtex-import},
    posted-at = {2007-12-04 04:28:54},
    priority = {0},
    year =        {April 1998},
    title = {{RFC 2326 - {Real Time Streaming Protocol}}}
}

@Misc{Atom:Synd,
  author = {M. Nottingham and J. Sayre},
  title =        {{The Atom Syndication Format}},
  year =         {December 2005},  
  note =         {\url{http://tools.ietf.org/html/rfc4287}}
}

@techreport{Bray1998,
  author = {Tim Bray and Jean Paoli Paoli and C.M. Sperberg-McQueen},
  institution = {W3C},
  interhash = {621f9a5e0aae9c022028c1d96a139f0e},
  intrahash = {6e0b21d8dc7fdc54b5af9c5ffb8c0ca4},
  title = {Extensible Markup Language {(XML)} 1.0},
  url = {\url{http://www.w3.org/TR/1998/REC-xml-19980210}},
  year = 1998,
  timestamp = {2011-01-21T17:20:40.000+0100},
  keywords = {specification xml},
  added-at = {2011-01-21T17:20:40.000+0100},
  biburl = {\url{http://www.bibsonomy.org/bibtex/26e0b21d8dc7fdc54b5af9c5ffb8c0ca4/voj}},
  month = {2}
}

@misc{xmlschema1sec,
  author = {Henry S. Thompson and David Beech and Murray Maloney and Noah Mendelsohn},
  howpublished = {World Wide Web Consortium, Recommendation REC-xmlschema-1-20041028},
  interhash = {74e1de9dec52d9843d6197ffd24059cb},
  intrahash = {2b57f1a24b26fab1d1f66675e65d95dd},
  title = {{XML Schema Part 1: Structures Second Edition}},
  year = 2004,
  timestamp = {2009-01-14T00:43:43.000+0100},
  topic = {xsd[1]},
  keywords = {imported},
  updates = {xmlsch1},
  added-at = {2009-01-14T00:43:43.000+0100},
  description = {dret'd bibliography},
  biburl = {\url{http://www.bibsonomy.org/bibtex/22b57f1a24b26fab1d1f66675e65d95dd/dret}},
  uri = {\url{http://www.w3.org/TR/2004/REC-xmlschema-1-20041028}},
  month = {October},
  abstract = {XML Schema: Structures specifies the XML Schema definition language, which offers facilities for describing the structure and constraining the contents of XML 1.0 documents, including those which exploit the XML Namespace facility. The schema language, which is itself represented in XML 1.0 and uses namespaces, substantially reconstructs and considerably extends the capabilities found in XML 1.0 document type definitions (DTDs). This specification depends on XML Schema Part 2: Datatypes.}
}

@misc{xmlschema2sec,
  author = {Paul V. Biron and Ashok Malhotra},
  howpublished = {World Wide Web Consortium, Recommendation REC-xmlschema-2-20041028},
  interhash = {abd70cd65eb28301862e24cae945da8d},
  intrahash = {e1546f7c7e0634cb6c2f770f9b38d3db},
  title = {{XML Schema Part 2: Datatypes Second Edition}},
  year = 2004,
  timestamp = {2009-01-14T00:43:43.000+0100},
  topic = {xsd[1]},
  keywords = {imported},
  updates = {xmlsch2},
  added-at = {2009-01-14T00:43:43.000+0100},
  description = {dret'd bibliography},
  biburl = {\url{http://www.bibsonomy.org/bibtex/2e1546f7c7e0634cb6c2f770f9b38d3db/dret}},
  uri = {\url{http://www.w3.org/TR/2004/REC-xmlschema-2-20041028}},
  month = {October},
  abstract = {XML Schema: Datatypes is part 2 of the specification of the XML Schema language. It defines facilities for defining datatypes to be used in XML Schemas as well as other XML specifications. The datatype language, which is itself represented in XML 1.0, provides a superset of the capabilities found in XML 1.0 document type definitions (DTDs) for specifying datatypes on elements and attributes.}
}

@misc{w3c_html5,
  day = 25,
  editor = {Ian Hickson and David Hyatt},
  howpublished = {W3C Working Draft},
  interhash = {a2bd0c8c66bffcaddbdba8e52e242569},
  intrahash = {1f30af6e0b16bfc55b05126292080168},
  note = {\url{http://www.w3.org/TR/2009/WD-html5-20090825/}},
  title = {{HTML5}: A Vocabulary and Associated {APIs} for {HTML and XHTML}},
  url = {\url{http://www.w3.org/TR/2009/WD-html5-20090825/}},
  year = 2009,
  timestamp = {2010-10-31T22:43:02.000+0100},
  keywords = {w3c v1010 html xml web format zzz.c4a},
  added-at = {2010-10-31T22:43:02.000+0100},
  biburl = {\url{http://www.bibsonomy.org/bibtex/21f30af6e0b16bfc55b05126292080168/flint63}},
  key = {HTML5},
  month = {August},
  abstract = {This specification defines the 5th major revision of the core language of the World Wide Web: the Hypertext Markup Language (HTML). In this version, new features are introduced to help Web application authors, new elements are introduced based on research into prevailing authoring practices, and special attention has been given to defining clear conformance criteria for user agents in an effort to improve interoperability.}
}

@misc{rss2006rss,
  author = { {RSS Board}},
  interhash = {ae7004e83c226bae6b591cdaf9a8dd65},
  intrahash = {3ac5db559fb23f8bd645beb44fba73d6},
  title = {{RSS 2.0 Specification}},
  url = {\url{http://www.rssboard.org/rss-specification}},
  year = 2006,
  timestamp = {2007-04-19T18:56:20.000+0200},
  keywords = {rss specification},
  added-at = {2007-04-19T18:56:20.000+0200},
  biburl = {\url{http://www.bibsonomy.org/bibtex/23ac5db559fb23f8bd645beb44fba73d6/schmitz}}
}

@TechReport{w3c_html4,
title = {{HTML 4.01 Specification}},
    author = {Le Hors, Arnaud
and Raggett, Dave
and Jacobs, Ian},
    institution = {W3C},
    month = {December},
    year = {1999},
    number = {\url{http://www.w3.org/TR/1999/REC-html401-19991224}},
    howpublished = { \url{http://www.w3.org/TR/1999/REC-html401-19991224} }
}

@misc{microformats,
  author = {Tantek Çelik and Kevin Marks and Eric Meyer and Matthew Mullenweg and Mark Pilgrim and Morten W. Petersen and the Microformats Community},
  howpublished = {\url{http://microformats.org}},
  interhash = {31fa5baa70d7c9fdfddc1038228321cb},
  intrahash = {0b888e8cda8fdc11e474d29cd3755ca5},
  title = {{Microformats}},
  url = {\url{http://microformats.org}},
  year = 2006,
  timestamp = {2009-02-19T13:41:09.000+0100},
  keywords = {microformats semantic_web},
  added-at = {2009-02-19T13:41:09.000+0100},
  description = {BibSonomy :: user :: ivan},
  biburl = {\url{http://www.bibsonomy.org/bibtex/20b888e8cda8fdc11e474d29cd3755ca5/ivan}}
}

@Misc{wsm2011,
  author =      {{The Third ACM SIGMM Workshop on Social Media (WSM2011) in conjunction with ACM Multimedia 2011}},
  title =       {{Scottsdale, Arizona, USA}},
  year =        {November 28 - December 1, 2011},
  note =        {\url{http://motools.sourceforge.net/event/event.html}}
}

@Misc{Raimond:Event,
  author =      {Yves Raimond and Samer Abdallah},
  title =       {{The Event Ontology}},
  year =        {October 25, 2007},
  note =        {\url{http://motools.sourceforge.net/event/event.html}}
}

@Misc{mediaelements,
  author =      {Ian Hickson},
  title =       {{HTML5 W3C Editor's Draft, Media elements}},
  year =        {October 25, 2007},
  note =        {\url{http://www.w3.org/TR/html5/video.html#media-elements}}
}

@InProceedings{Cun02b,
  author =   {H. Cunningham and D. Maynard and K. Bontcheva and V. Tablan},
  title =    {{GATE: A framework and graphical development environment for robust NLP tools and applications}},
  booktitle =    {Proceedings of the 40th Anniversary Meeting of the
                  Association for Computational Linguistics},
  year =     2002
}

@misc{berners-lee_et_al_2001,
  author = {T. Berners-Lee and J. Hendler and O. Lassila},
  howpublished = {\url{http://www.scientificamerican.com/article.cfm?id=the-semantic-web}; 20 May 2009},
  interhash = {e87f09446138a81e6478625da97885b6},
  intrahash = {0b24e86d6c3b5de034a451e227631213},
  title = { The Semantic Web},
  year = { 2001},
  timestamp = {2011-04-14T07:06:28.000+0200},
  keywords = {imported},
  added-at = {2011-04-14T07:06:28.000+0200},
  biburl = {\url{http://www.bibsonomy.org/bibtex/20b24e86d6c3b5de034a451e227631213/wyswilson}}
}

@Misc{andraz,
  author =      {{Andra\v{z} Tori, CTO of Zemanta}},
  title =       {{Quantity vs. Quality on the Consumer Web, Keynote speech at ESWC2011}},
  year =        {June 1, 2011},
  note =        {\url{http://www.eswc2011.org/content/keynote-speakers}}
}

@Misc{CommonTag:Spec,
  author =      {{Common Tag}},
  title =       {{Common Tag Specification}},
  year =        {January 11, 2009},
  note =        {\url{http://commontag.org/Specification}}
}

@Misc{dbpedia:sparql,
  author =      {{DBpedia}},
  title =       {{DBpedia SPARQL Endpoint}},
  year =        {June 18, 2011},
  note =        {\url{http://dbpedia.org/sparql}}
}

@Misc{Hartig:Provenance,
  author =       {Olaf Hartig and Jun Zhao},
  title =        {{Provenance Vocabulary Core Ontology Specification}},
  year =         {January 25, 2011},
  note =         {\url{http://purl.org/net/provenance/ns}}
}

@InProceedings{Halpin:SameAs,
  author =      {Harry Halpin and Patrick Hayes},
  title =       {{When owl:sameAs isn't the same: An analysis of identity links on the semantic Web}},
  booktitle =   {3$^{rd}$ Workshop on Linked Data on the Web (LDOW'10)},
  year =        2010,
  address =     {Raleigh, NC, USA}
}

@inproceedings{ipaw10:olaf,
  author =      {Olaf Hartig and Jun Zhao},
  title =       {{Publishing and Consuming Provenance Metadata on the Web of Linked Data}},
  booktitle =   {3$^{rd}$ International Provenance and Annotation Workshop (IPAW'10)},
  year =        {2010},
  address =     {Troy, NY, USA}
}

@inproceedings{Sack:Use,
  author =    {J\"{o}rg Waitelonis and Nadine Ludwig and Harald Sack},
  title =     {{Use What You Have: Yovisto Video Search Engine Takes a Semantic Turn}},
  booktitle = {5$^{th}$ International Conference on Semantic and Digital Media Technologies (SAMT'10},
  year =      {2010},
  address =   {Saarbr\"{u}cken, Germany}
}

@book{Fellbaum-WordNet-1998,
  address = {Cambridge, MA ; London},
  editor = {Christiane Fellbaum},
  interhash = {42daa1681607dd1d3f3234c605d84ec3},
  intrahash = {2e282d8bb3aa81b255b179c0772b3bf7},
  publisher = {The MIT Press},
  title = {{WordNet An Electronic Lexical Database}},
  url = {\url{http://mitpress.mit.edu/catalog/item/default.asp?ttype=2&tid=8106}},
  year = 1998,
  timestamp = {2008-10-29T11:57:52.000+0100},
  keywords = {database electronical lexical wismasys0809 wordnet},
  added-at = {2008-10-29T11:57:52.000+0100},
  isbn = {978-0-262-06197-1},
  biburl = {\url{http://www.bibsonomy.org/bibtex/22e282d8bb3aa81b255b179c0772b3bf7/robo}},
  month = May
}

@inproceedings{Choudhury:YouTube,
  author =      {Smitashree Choudhury and John Breslin and Alexandre Passant},
  title =       {{Enrichment and Ranking of the YouTube Tag Space and Integration with the Linked Data Cloud}},
  booktitle =   {8$^{th}$ International Semantic Web Conference (ISWC'09)},
  year =        {2009},
  pages =       {747--762},
  address =     {Chantilly, VA, USA}
}

@Misc{Bizer:TriG,
  author =       {Chris Bizer and Richard Cyganiak},
  title =        {{The TriG Syntax}},
  year =         {July 30, 2007},
  note =         {\url{http://www4.wiwiss.fu-berlin.de/bizer/TriG/}}
}

@Misc{Drumbeat:Popcorn,
  author =       {Brett Gaylor},
  title =        {{Popcorn.js Semantic Video demo}},
  howpublished = {Mozilla Drumbeat Project},
  year =         {August 16, 2010},
  note =         {\url{http://www.drumbeat.org/content/popcorn-js-semantic-video-demo}}
}

@Misc{Kobilarov:Uberblic,
  author =       {Georgi Kobilarov},
  title =        {{ANN: Uberblic.org - Integrating the Web of Data}},
  year =         {January 29, 2010},
  note =         {\url{http://lists.w3.org/Archives/Public/public-lod/2010Jan/0139.html}}
}

@Misc{W3C:MediaFrags,
  author =       {W3C},
  title =        {{Media Fragments URIs}},
  howpublished = {W3C Working Draft},
  year =         {December 8, 2010},
  note =         {\url{http://www.w3.org/2008/WebVideo/Fragments/WD-media-fragments-spec/}}
}

@InProceedings {Bizer:DBpedia,
  author =      {S\"{o}ren Auer and Christian Bizer and Georgi Kobilarov and Jens Lehmann and Richard Cyganiak and Zachary G. Ives},
  title =       {{DBpedia: A Nucleus for a Web of Open Data}},
  booktitle =   {6$^{th}$ International Semantic Web Conference (ISWC'07)},
  year =        {2007},
  pages =       {722--735},
  address =     {Busan, Korea}
}

@inproceedings{Sack:VideoSearch,
 author =     {J\"{o}rg Waitelonis and Harald Sack and Johannes Hercher and Zalan Kramer},
 title =      {{Semantically enabled exploratory video search}},
 booktitle =  {3$^{rd}$ International Semantic Search Workshop (SemSearch'10)},
 year =       {2010},
 pages =      {81--88},
 location =   {Raleigh, NC, USA}
}

@article{Curbera:2003:NSW:944217.944234,
 author = {Curbera, Francisco and Khalaf, Rania and Mukhi, Nirmal and Tai, Stefan and Weerawarana, Sanjiva},
 title = {{The next step in Web services}},
 journal = {Commun. ACM},
 volume = {46},
 issue = {10},
 month = {October},
 year = {2003},
 issn = {0001-0782},
 pages = {29--34},
 numpages = {6},
 url = {\url{http://doi.acm.org/10.1145/944217.944234}},
 doi = {\url{http://doi.acm.org/10.1145/944217.944234}},
 acmid = {944234},
 publisher = {ACM},
 address = {New York, NY, USA},
} 

@misc{Dawson:1998:ICS:RFC2445,
 author = {Dawson, F. and Stenerson, D.},
 title = {Internet Calendaring and Scheduling Core Object Specification (iCalendar)},
 year = {1998},
 publisher = {RFC Editor},
 address = {United States},
} 

@misc{Dawson:1998:VMD:RFC2426,
 author = {Dawson, F. and Howes, T.},
 title = {vCard MIME Directory Profile},
 year = {1998},
 publisher = {RFC Editor},
 address = {United States},
} 

@inproceedings{carroll2005,
  address = {New York, NY, USA},
  author = {Jeremy J. Carroll and Christian Bizer and Pat Hayes and Patrick Stickler},
  booktitle = {WWW '05: Proceedings of the 14$^{th}$ International Conference on World Wide Web},
  interhash = {08bc9a46b23bc08268c7ad56629e8075},
  intrahash = {68f3c5be8ad1f4c4749d2deea203ead5},
  pages = {613--622},
  publisher = {ACM},
  title = {{Named graphs, provenance and trust}},
  year = 2005,
  timestamp = {2009-11-15T15:34:11.000+0100},
  keywords = {imported},
  added-at = {2009-11-15T15:34:11.000+0100},
  location = {Chiba, Japan},
  isbn = {1-59593-046-9},
  biburl = {\url{http://www.bibsonomy.org/bibtex/268f3c5be8ad1f4c4749d2deea203ead5/henkellermann}},
  doi = {\url{http://doi.acm.org/10.1145/1060745.1060835}}
}

@Misc{google:chrome,
  author = {Google},
  title =        {{Google Chrome Browser}},
  year =         {June 20, 2011},  
  note =         {\url{http://www.google.com/chrome/}}
}

@Misc{firefox,
  author = {Mozilla},
  title =        {{Mozilla Firefox Web Browser}},
  year =         {June 20, 2011},  
  note =         {\url{http://www.mozilla.com/en-US/firefox/new/}}
}

@Misc{analytics,
  author = {Google},
  title =        {{Google Analytics}},
  year =         {June 20, 2011},  
  note =         {\url{http://www.google.com/analytics/}}
}

@article{mpeg7,
 author = {IEEE MultiMedia},
 title = {{MPEG-7: The Generic Multimedia Content Description Standard, Part 1}},
 journal = {IEEE MultiMedia},
 volume = {9},
 issue = {2},
 month = {April},
 year = {2002},
 issn = {1070-986X},
 pages = {78--87},
 numpages = {10},
 url = {\url{http://portal.acm.org/citation.cfm?id=614674.615114}},
 doi = {10.1109/93.998074},
 acmid = {615114},
 publisher = {IEEE Computer Society Press},
 address = {Los Alamitos, CA, USA},
} 

@article{Smeulders,
 author = {Smeulders, Arnold W. M. and Worring, Marcel and Santini, Simone and Gupta, Amarnath and Jain, Ramesh},
 title = {{Content-Based Image Retrieval at the End of the Early Years}},
 journal = {IEEE Trans. Pattern Anal. Mach. Intell.},
 volume = {22},
 issue = {12},
 month = {December},
 year = {2000},
 issn = {0162-8828},
 pages = {1349--1380},
 numpages = {32},
 url = {\url{http://portal.acm.org/citation.cfm?id=357871.357873}},
 doi = {10.1109/34.895972},
 acmid = {357873},
 publisher = {IEEE Computer Society},
 address = {Washington, DC, USA},
 keywords = {Review, content based, retrieval, semantic gap, sensory gap, narrow domain, broad domain, weak segmentation, accumulative features, salient features, signs, structural features, similarity, semantic interpretation, query space, display space, interactive session, indexing, architecture, evaluation, image databases.},
} 

@Misc{HTTP:RDF,
  author = {Johannes Koch and Carlos A. Velasco},
  title =        {{HTTP Vocabulary in RDF 1.0}},
  year =         {October 29, 2009},  
  note =         {\url{http://www.w3.org/TR/HTTP-in-RDF/}}
}

@Misc{rdfa:api,
  author = {Manu Sporny and Benjamin Adrian and Nathan Rixham and Mark Birbeck and Ivan Herman},
  title =        {{RDFa API, An API for extracting structured data from Web documents, W3C Working Draft}},
  year =         {April 19, 2011},  
  note =         {\url{http://www.w3.org/TR/HTTP-in-RDF/}}
} 

@InProceedings{Tummarello:Sindice,
 author =     {Giovanni Tummarello and Renaud Delbru and Eyal Oren},
 title =      {{Sindice.com: weaving the open linked data}},
 booktitle =  {6$^{th}$ International Semantic Web Conference (ISWC'07)},
 year =       {2007},
 pages =      {552--565},
 address =    {Busan, Korea}
}

@INCOLLECTION{Cyc,
  AUTHOR={Wilkins, David E.},
  EDITOR={Stork, David G.},
  TITLE={{That's something I cannot allow to happen: HAL and Planning}},
  BOOKTITLE={HAL's Legacy: 2001's Computer as Dream and Reality},
  PUBLISHER={MIT Press, Cambridge, MA},
  PAGES={305-332},
  YEAR={1997},
}

@inproceedings{yago,
 author = {Fabian M. Suchanek and Gjergji Kasneci and Gerhard Weikum},
 title = {{Yago: A Core of Semantic Knowledge}},
 booktitle = {16$^{th}$ international World Wide Web conference (WWW 2007)},
 year = {2007},
 location = {Banff, Canada},
 publisher = {ACM Press},
 address = {New York, NY, USA}
}

@Misc{NYTimes:Freebase,
  author =       {John Markoff},
  title =        {{Start-Up Aims for Database to Automate Web Searching}},
  howpublished = {The New York Times},
  year =         {March 9, 2007},
}

@Misc{lodproject,
  author =       {SweoIG},
  title =        {{Linking Open Data Project}},
  howpublished = {\url{http://www.w3.org/wiki/SweoIG/TaskForces/CommunityProjects/LinkingOpenData}},
  year =         {June 20, 2011},
}

@Misc{Goel:Blog09,
  author =       {Goel, K. and Ramanathan, G. and Othar, H.},
  title =        {{Introducing Rich Snippets}},
  howpublished = {Google Webmaster Central Blog},
  year =         {May 12, 2009},
  note =         {\url{http://googlewebmastercentral.blogspot.com/2009/05/introducing-rich-snippets.html}}
}

@techreport{BernersLee2008,
  author = {Tim Berners-Lee and Dan Connolly},
  day = 14,
  institution = {W3C},
  interhash = {a42c33ea8a48880ae8e9435273ad8619},
  intrahash = {6ba5c01bb8885f462ab61f9d412be3b6},
  series = {W3C Team Submission},
  title = {{Notation3 (N3): A readable RDF syntax}},
  url = {\url{http://www.w3.org/TeamSubmission/n3/}},
  year = 2008,
  timestamp = {2011-02-07T16:58:03.000+0100},
  keywords = {Notation3 RDF grammar language n3 syntax},
  added-at = {2011-02-07T16:58:03.000+0100},
  biburl = {\url{http://www.bibsonomy.org/bibtex/26ba5c01bb8885f462ab61f9d412be3b6/voj}},
  month = {1}
}

@misc{turtle,
  editor = {Dave Beckett and Tim {Berners-Lee}},
  author = {Dave Beckett and Tim {Berners-Lee}},  
  interhash = {da593e287346e6d13d85a377cf736778},
  intrahash = {f2e78e7cab75827c9f4ec5d61ab64d26},
  note = {See: \url{http://www.w3.org/TeamSubmission/turtle/}},
  publisher = {World Wide Web Consortium},
  title = {{Turtle - Terse {RDF} Triple Language, {W3C} Team Submission}},
  url = {\url{http://www.w3.org/TeamSubmission/turtle/}},
  year = 2008,
  timestamp = {2009-05-07T12:27:20.000+0200},
  keywords = {rdf turtle},
  added-at = {2009-05-07T12:27:20.000+0200}
}

@misc{rdf-n-triples,
  author = {RDF-Core working group},
  interhash = {66c9ac1265935d623df96122db785592},
  intrahash = {dbc5c44c37313a8fc9f1c67fa1980d56},
  title = {{N-Triples}},
  url = {\url{http://www.w3.org/2001/sw/RDFCore/ntriples/}},
  year = 2001,
  timestamp = {2008-01-27T23:43:29.000+0100},
  keywords = {imported},
  added-at = {2008-01-27T23:43:29.000+0100},
  owner = {Administrator}
}

@Misc{Zemanta,
 author = {Zemanta},
 note = {\url{http://developer.zemanta.com/docs/}},
}

@misc{AlchemyAPI,
 author = {AlchemyAPI},
 note = {\url{http://www.alchemyapi.com/api/entity/}},
}

@misc{OpenCalais,
 author = {OpenCalais},
 note = {\url{http://www.opencalais.com/documentation/}},
}

@techreport{Beckett2004,
  day = 10,
  editor = {Dave Beckett},
  author = {Dave Beckett},  
  institution = {W3C},
  interhash = {175620203c4b621b2a7734ae29a31afb},
  intrahash = {1938072ba5cd25d14f67989e2e0c7cfd},
  series = {W3C Recommendation},
  title = {{RDF/XML} Syntax Specification {(Revised)}},
  url = {\url{http://www.w3.org/TR/2004/REC-rdf-syntax-grammar-20040210/}},
  year = 2004,
  timestamp = {2010-09-19T14:11:43.000+0200},
  keywords = {rdf rdfxml specification},
  added-at = {2010-09-19T14:11:43.000+0200},
  biburl = {\url{http://www.bibsonomy.org/bibtex/21938072ba5cd25d14f67989e2e0c7cfd/voj}},
  month = {2}
}

@misc{rdfa:html,
  day = 5,
  author = {Manu Sporny and Shane McCarron},
  editor = {Manu Sporny and Shane McCarron},
  publisher = {W3C},
  series = {W3C Working Draft},
  title = {{HTML+RDFa 1.1} Support for RDFa in HTML4 and HTML5},
  url = {\url{http://www.w3.org/TR/rdfa-in-html/}},
  year = 2011,
  timestamp = {2011-02-21T16:51:07.000+0100},
  keywords = {rdf semantics w3c},
  added-at = {2011-02-21T16:51:07.000+0100},
  biburl = {\url{http://www.bibsonomy.org/bibtex/268d61e33d364662ab5b5568a00e98813/voj}},
  month = {4}
}

@misc{RDF,
  author = {Klyne, Graham and Carrol, Jeremy J.},
  title = {Resource Description Framework ({RDF}): Concepts and Abstract Syntax},
  URL =  {\url{http://www.w3.org/ TR/2004/REC-rdf-concepts-20040210/}},
  howpublished = {W3C Recommendation},
  day = 10,
  month = feb,
  year = 2004
}

@article{BizerHB09,
  author = {Christian Bizer and Tom Heath and Tim Berners-Lee},
  interhash = {599c4dfb0c1625c0c4368a1ab8346646},
  intrahash = {ea313cb1a70f9f58df8236e25e19f8ed},
  journal = {Int. J. Semantic Web Inf. Syst},
  number = 3,
  pages = {1--22},
  title = {{Linked Data - The Story So Far}},
  url = {\url{http://www.igi-global.com/articles/details.asp?ID=35386}},
  volume = 5,
  year = 2009,
  timestamp = {2011-02-15T17:52:40.000+0100},
  keywords = {dbpedia linkedData},
  added-at = {2011-02-15T17:52:40.000+0100},
  bibdate = {2009-10-30},
  bibsource = {DBLP,
		 \url{http://dblp.uni-trier.de/db/journals/ijswis/ijswis5.html#BizerHB09}},
  biburl = {\url{http://www.bibsonomy.org/bibtex/2ea313cb1a70f9f58df8236e25e19f8ed/sirko}}
}

@misc{bizer07how,
    abstract = {{This document provides a tutorial on how to publish Linked Data on the Web. After a general overview of the concept of Linked Data, we describe several practical recipes for publishing information as Linked Data on the Web.}},
    author = {Bizer, Chris and Cyganiak, Richard and Heath, Tom},
    citeulike-article-id = {2677260},
    citeulike-linkout-0 = {\url{http://www4.wiwiss.fu-berlin.de/bizer/pub/LinkedDataTutorial/}},
    keywords = {linked-data, rdf, semantic-web, sparql},
    posted-at = {2008-10-24 11:25:09},
    priority = {3},
    title = {{How to publish Linked Data on the Web}},
    url = {\url{http://www4.wiwiss.fu-berlin.de/bizer/pub/LinkedDataTutorial/}},
    year = {2007}
}

@misc{Hayes2004,
  day = 10,
  author = {Patrick Hayes and Brian McBride},
  editor = {Patrick Hayes and Brian McBride},
  interhash = {eeee4d40d9a0d4b35961a6985f7900e2},
  intrahash = {68d61e33d364662ab5b5568a00e98813},
  publisher = {W3C},
  series = {W3C Working Draft},
  title = {{RDF Semantics}},
  url = {\url{http://www.w3.org/TR/rdf-mt/}},
  year = 2004,
  timestamp = {2011-02-21T16:51:07.000+0100},
  keywords = {rdf semantics w3c},
  added-at = {2011-02-21T16:51:07.000+0100},
  biburl = {\url{http://www.bibsonomy.org/bibtex/268d61e33d364662ab5b5568a00e98813/voj}},
  month = {2}
}

@misc{ben_adida_rdfa_2008,
  author = {Ben Adida and Mark Birbeck and Shane McCarron and Steven Pemberton},
  interhash = {8eb27030a1f89e0d573154ac6969a45d},
  intrahash = {575452e57f1d2b1653eb82e2bc6ab2b0},
  publisher = {W3C},
  title = {{RDFa in XHTML: Syntax and Processing}},
  url = {\url{http://www.w3.org/TR/rdfa-syntax/}},
  year = 2008,
  timestamp = {2008-10-20T17:39:15.000+0200},
  keywords = {rdfa semweb},
  added-at = {2008-10-20T17:39:15.000+0200},
  biburl = {\url{http://www.bibsonomy.org/bibtex/2575452e57f1d2b1653eb82e2bc6ab2b0/paregorios}},
  copyright = {Copyright ¬© 2007-2008 W3C¬Æ (MIT, ERCIM, Keio), All Rights Reserved},
  month = {October},
  abstract = {A collection of attributes and processing rules for extending XHTML to support RDF}
}

@Misc{Hickson:Microdata10,
  author =       {Hickson, I.},
  title =        {{HTML Microdata}},
  howpublished = {W3C Working Draft},
  year =         {October 19, 2010},
  note =         {\url{http://www.w3.org/TR/microdata/}}
}

@Misc{Goel:SemTech10,
  author =       {Goel, K. and Gupta, P.},
  title =        {{Google Rich Snippets}},
  howpublished = {Semantic Technology Conference},
  year =         {2010},
  note =         {\url{http://semtech2010.semanticuniverse.com/sessionPop.cfm?confid=42&proposalid=2745}}
}

@PhDThesis{Hausenblas:PhD08,
 title  = {{Building Scaleable and Smart Multimedia Applications on the Semantic Web}},
 author = {M. Hausenblas},
 school = {{Graz University of Technology}},
 year = {2008}
}

@techreport{sha1,
  author = {D. Eastlake and P. Jones},
  interhash = {276256be69453291def2a6fdbed1389d},
  intrahash = {d2dcad25e57d68db18495f062e955cae},
  number = 3174,
  organization = {IETF},
  publisher = {IETF},
  institution = {IETF},
  series = {RFC},
  title = {{US Secure Hash Algorithm 1 (SHA1)}},
  year = 2001,
  timestamp = {2011-05-12T13:55:38.000+0200},
  keywords = {hash identifier sha1},
  added-at = {2011-05-12T13:55:38.000+0200},
  biburl = {\url{http://www.bibsonomy.org/bibtex/2d2dcad25e57d68db18495f062e955cae/voj}},
  month = {9}
}

@misc{twittertrends,
  author = {T. Steiner and A. Brousseau and R. Troncy},
  title = {{A Tweet Consumers' Look At Twitter Trends}},
  Booktitle = {Workshop Making Sense of Microposts at ESWC 2011, Heraklion, Crete},
  year = {30 May 2011},
  note = {\url{http://research.hypios.com/msm2011/posters/steiner.pdf}}
}

@inproceedings{Steiner:2011:FHC:1967428.1967433,
 author = {Steiner, Thomas and Algermissen, Jan},
 title = {{Fulfilling the Hypermedia Constraint Via HTTP OPTIONS, the HTTP Vocabulary In RDF, and Link Headers}},
 booktitle = {{Proceedings of the Second International Workshop on RESTful Design}},
 series = {WS-REST '11},
 year = {2011},
 isbn = {978-1-4503-0623-2},
 location = {Hyderabad, India},
 pages = {11--14},
 numpages = {4},
 url = {\url{http://doi.acm.org/10.1145/1967428.1967433}},
 doi = {\url{http://doi.acm.org/10.1145/1967428.1967433}},
 acmid = {1967433},
 publisher = {ACM},
 address = {New York, NY, USA},
 keywords = {HATEOAS, HTTP, REST, constraint, hypermedia},
} 

@Misc{Hepp:TIO10,
  author =       {Hepp, M.},
  title =        {{Tickets Ontology v1.0}},
  year =         {November 17, 2010},
  note =         {\url{http://purl.org/tio/ns}}
}

@INPROCEEDINGS{CEUR-WS.org/Vol-700/Paper5,
  author = {Thomas Steiner, Raphael Troncy and Michael Hausenblas},
  title = {{How Google is using Linked Data Today and Vision For Tomorrow}},
  series = {CEUR Workshop Proceedings ISSN 1613-0073},
  booktitle = {{Proc. of Linked Data in the Future Internet at the Future Internet Assembly, Ghent 16/17 Dec 2010}},  
  month = {February},
  year = {2010},  
  timestamp = {2010.02.08},
  pdf = {\url{http://CEUR-WS.org/Vol-700/Paper5.pdf}},
  url = {\url{http://CEUR-WS.org/Vol-700/Paper5.pdf}},
}

@inproceedings{semwebvid,
Author = {Thomas Steiner},
Title = {{SemWebVid - Making Video a First Class Semantic Web Citizen and a First Class Web Bourgeois}},
Booktitle = {{9$^{th}$ International Semantic Web Conference (ISWC2010)}},
Year = {2010},
Month = {November},
Abstract = {SemWebVid is an online Ajax application that allows for the automatic generation of Resource Description Framework (RDF) video descriptions. These descriptions are based on two pillars: first, on a combination of user-generated metadata such as title, summary, and tags; and second, on closed captions which can be user-generated, or be auto-generated via speech recognition. The plaintext contents of both pillars are being analyzed using multiple Natural Language Processing (NLP) Web services in parallel whose results are then merged and where possible matched back to concepts in the sense of Linking Open Data (LOD). The final result is a deep-linkable RDF description of the video, and a "scroll-along" view of the video as an example of video visualization formats.},
Url = {\url{http://data.semanticweb.org/conference/iswc/2010/paper/469}}
}

@inproceedings{semwebvidswc,
Author = {Thomas Steiner and Michael Hausenblas},
Title = {{SemWebVid - Making Video a First Class Semantic Web Citizen and a First Class Web Bourgeois}},
Booktitle = {Semantic Web Challenge at ISWC2010},
Year = {2010},
Month = {November},
Url = {\url{http://www.cs.vu.nl/~pmika/swc/submissions/swc2010_submission_12.pdf}}
}

@InProceedings{Troncy:LDTC10,
  author    = {R. Troncy and B. Malocha and A. Fialho},
  title     = {{Linking Events with Media}},
  booktitle = {6$^{th}$ International Conference on Semantic Systems (I-SEMANTICS'10)},
  year      = 2010,
  address   = {Graz, Austria}
}

@misc{FOAF,
  author = {Dan Brickley and Libby Miller},
  interhash = {a38a370c19ce8c42759493edde310e4e},
  intrahash = {d2d419949fcfba4c3d7e52720c04ed5a},
  title = {{FOAF Vocabulary Specification 0.97}},
  type = {Namespace document},
  url = {\url{http://xmlns.com/foaf/spec/20100101.html}},
  year = 2010,
  timestamp = {2010-05-27T23:30:03.000+0200},
  keywords = {foaf proj:o4p specification vocabulary},
  added-at = {2010-05-27T23:30:03.000+0200},
  biburl = {\url{http://www.bibsonomy.org/bibtex/2d2d419949fcfba4c3d7e52720c04ed5a/wnpxrz}},
  month = {January},
  abstract = {This specification describes the FOAF language, defined as a dictionary of named properties and classes using W3C's RDF technology. }
}

@InProceedings{Troncy:COLD10,
  author    = {Troncy, R. and Fialho, A. and Hardman, L. and Saathoff, C.},
  title     = {{Experiencing Events through User-Generated Media}},
  booktitle = {1$^{st}$ International Workshop on Consuming Linked Data (COLD'10)},
  year      = 2010,
  address   = {Shanghai, China}
}

@Misc{mappingtable,
  author = {WonSuk Lee and Werner Bailer and Tobias Bürger and Véronique Malaisé and Thierry Michel and Felix Sasaki and Joakim Söderberg and Florian Stegmaier and John Strassner},
  title =        {{Ontology for Media Resources 1.0, Property Mapping Table}},
  year =         {June 22, 2011},  
  note =         {\url{http://www.w3.org/2008/WebVideo/Annotations/drafts/ontology10/CR/mapping_table-php.html}}
}

@Misc{Decker:FIA10,
  author =       {Decker, S. and Hauswirth, M. and Auer, S.},
  title =        {{The Future Internet Assembly}},
  howpublished = {Linked Data in the Future Internet},
  year =         {December, 2010},
  note =         {\url{http://www.future-internet.eu/home/future-internet-assembly/ghent-dec-2010/session-i-linked-open-data-i.html}}
}

@techreport{mediaontology,
	title={{Ontology for Media Resource 1.0}},
	year={2009},
	month={06},
	author={Won Suk Lee and Tobias Bürger and Felix Sasaki and Véronique Malaisé and Florian Stegmaier and Joakim Söderberg},
	URL={\url{http://www.w3.org/TR/mediaont-10/}},
	institution={W3C Media Annotation Working Group},
}

@InProceedings{Shaw:ASWC09,
  author    = {R. Shaw and R. Troncy and L. Hardman},
  title     = {{LODE: Linking Open Descriptions Of Events}},
  booktitle = {4$^{th}$ Asian Semantic Web Conference (ASWC'09)},
  year      = 2009,
  pages     = {153--167},
  address   = {Shanghai, China}
}

@InProceedings{Jacobson:CoNEXT09,
  author    = {Jacobson and Smetters, D. and Thornton, J. and Plass, M. and Briggs, N. and Braynard, R.},
  title     = {{Networking Named Content}},
  booktitle = {5$^{th}$ ACM International Conference on Emerging Networking Experiments and Technologies (CoNEXT'09)},
  year      = 2009,
  address   = {Rome, Italy}
}

@misc{Hau07,
  author = {Michael Hausenblas},
  editor = {Michael Hausenblas},
  interhash = {3d403e2a264f379d1039776d685ddda8},
  intrahash = {f64a481a15935ec1f1b280b3363d0857},
  title = {{Multimedia Vocabularies on the Semantic Web}},
  url = {\url{http://www.w3.org/2001/sw/BestPractices/MM/resources/Vocabularies.html}},
  year = 2007,
  timestamp = {2007-09-03T15:03:53.000+0200},
  keywords = {Semantic_Web mpeg-7 multimedia ontologies video},
  added-at = {2007-09-03T15:03:53.000+0200},
  biburl = {\url{http://www.bibsonomy.org/bibtex/2f64a481a15935ec1f1b280b3363d0857/lysander07}}
}

@misc{Celma2007,
  author = {{\`O}scar Celma and Stamatia Dasiopoulou and Michael Hausenblas and Suzanne Little and Chrisa Tsinaraki and Rapha{\"e}l Troncy},
  interhash = {dd738aa0825616ef30173cedba1e5904},
  intrahash = {d40490ddf641cf6bea20174b96e6f7ca},
  title = {{MPEG-7 and the Semantic Web}},
  url = {\url{http://www.w3.org/2005/Incubator/mmsem/XGR-mpeg7-20070814/}},
  year = 2007,
  timestamp = {2010-01-07T13:57:09.000+0100},
  date-added = {2009-08-17 11:40:57 +0200},
  date-modified = {2010-01-04 09:30:08 +0100},
  urldate = {19.11.2008},
  keywords = {MPEG-7, metadata},
  added-at = {2010-01-07T13:57:09.000+0100},
  bdsk-url-1 = {\url{http://www.w3.org/2005/Incubator/mmsem/XGR-mpeg7-20070814/}},
  biburl = {\url{http://www.bibsonomy.org/bibtex/2d40490ddf641cf6bea20174b96e6f7ca/syslogd}}
}

@BOOK{LGSp08,
EDITOR = {Mathias Lux and Michael Granitzer and Marc Spaniol},
TITLE = {{Multimedia Semantics - The Role of Metadata}},
PUBLISHER = {Springer},
YEAR = {2008},
VOLUME = {101},
PAGES = {262},
SERIES = {Studies in Computational Intelligence},
ADDRESS = {Berlin},
MONTH = {August},
ISBN = {978-3-540-77472-3},
}

@book{troncy,
  Author = {R. Troncy and B. Huet and S. Schenk },
  Title = {{Multimedia Semantics: Metadata, Analysis and Interaction}},
  Publisher = {Wiley-Blackwell},
  Year = {2011},
  ISBN = {0470747005}
}

@book{heathbizer,
  Author = {Tom Heath and Christian Bizer},
  Title = {{Linked Data (Synthesis Lectures on the Semantic Web: Theory and Technology)}},
  Publisher = {Morgan \& Claypool Publishers},
  Year = {2011},
  ISBN = {1608454304}
}

@book{Allemang,
  Author = {Dean Allemang and James Hendler},
  Title = {{Semantic Web for the Working Ontologist: Effective Modeling in RDFS and OWL}},
  Publisher = {Morgan Kaufmann},
  Year = {2008},
  ISBN = {0123735564}
}

@book{Segaran,
  Author = {Toby Segaran and Colin Evans and Jamie Taylor},
  Title = {{Programming the Semantic Web}},
  Publisher = {O'Reilly Media},
  Year = {2009},
  ISBN = {0596153813}
}